3177 5166
840 244 1567 314 COMMENTARIUS
1614 244 1750 311 VII
2168 243 2297 307 301

288 413 491 494 atque
520 408 771 495 regiam
805 411 1205 493 potestatem
1248 429 1495 473 annum
1529 408 1831 473 obtinere
1860 415 2304 484 consuessent,

285 513 418 578 duo
459 512 928 599 magistratum
957 516 1199 598 gerant
1240 520 1309 577 et
1349 534 1418 577 se
1458 517 1740 598 uterque
1776 535 2001 578 eorum
2046 512 2305 601 legibus

283 622 581 683 creatum
616 616 814 683 dicat.
890 615 1150 681 Horum
1180 638 1319 682 esse
1361 617 1648 682 alterum
1683 616 2301 694 Convictolitavem,
2330 638 2359 685 4

283 723 629 788 florentem
670 728 741 787 et
779 721 1131 785 inlustrem
1173 720 1683 801 adulescentem,
1713 722 2000 787 alterum
2037 719 2301 798 Cotum,

226 840 258 890 5
283 825 751 913 antiquissima
812 823 1072 890 familia
1129 829 1365 889 natum
1425 829 1629 912 atque
1690 825 1907 912 ipsum
1967 824 2300 892 hominem

284 952 582 995 summae
612 929 951 1016 potentiae
982 934 1052 994 et
1089 951 1372 1016 magnae
1401 928 1835 1015 cognationis,
1867 930 2057 995 cuius
2089 929 2302 996 frater

286 1034 667 1101 Valetiacus
718 1034 1023 1119 proximo
1071 1054 1249 1097 anno
1296 1032 1579 1098 eundem
1633 1034 2102 1121 magistratum
2152 1056 2299 1121 ges-

285 1140 465 1206 serit.
555 1137 919 1207 Civitatem
952 1159 1092 1203 esse
1132 1160 1393 1204 omnem
1424 1137 1495 1202 in
1525 1138 1747 1219 armiS,
1776 1138 2067 1204 divisum
2111 1161 2299 1204 sena·
2326 1160 2356 1209 5

284 1249 449 1322 tum,
471 1244 760 1309 divisum
792 1241 1130 1328 populum,
1155 1263 1311 1307 suas
1339 1242 1658 1328 cuiusque
1681 1265 1909 1308 eorum
1939 1243 2296 1310 clientelas·

194 1364 256 1410 10
285 1348 478 1430 Quod
508 1348 564 1414 si
595 1347 853 1413 diutius
882 1346 1105 1411 alatur
1133 1346 1608 1427 controversia,
1641 1348 1784 1414 fore
1816 1349 1920 1413 uti
1950 1370 2107 1436 pars
2146 1370 2297 1414 cum

283 1459 474 1540 parte
523 1451 819 1519 civitatis
863 1451 1195 1538 confligat.
1284 1451 1367 1516 Id
1422 1474 1505 1517 ne
1558 1451 1838 1534 accidat,
1883 1452 2173 1538 positum
2228 1454 2299 1518 in

282 1558 426 1623 eius
469 1556 821 1644 diligentia
865 1560 1069 1643 atque
1113 1556 1537 1622 auctoritate.

370 1661 634 1741 Caesar,
679 1661 805 1726 etsi
867 1683 910 1726 a
966 1659 1142 1726 bello
1203 1665 1404 1746 atque
1457 1660 1649 1726 hoste
1701 1661 2033 1728 discedere
2090 1662 2298 1728 detri-
2330 1681 2426 1737 33

283 1771 656 1832 mentosum
687 1787 829 1831 esse
859 1765 1309 1843 existimabat,
1332 1769 1556 1830 tamen
1580 1788 1715 1830 non
1746 1765 2061 1853 ignorans
2091 1787 2298 1852 quan-

187 1898 251 1946 15
281 1879 355 1938 ta
423 1895 508 1937 ex
573 1869 1095 1936 dissensionibus
1163 1869 1580 1935 incommoda
1642 1870 1804 1936 oriri
1856 1877 2299 1955 consuessent,

281 2000 364 2041 ne
417 1981 611 2041 tanta
656 1979 728 2040 et
780 1979 918 2039 tam
978 1974 1335 2041 coniuncta
1391 1973 1638 2060 populo
1692 1974 1991 2040 Romano
2043 1974 2298 2052 civitas,

281 2102 478 2167 quam
511 2080 652 2166 ipse
683 2100 941 2165 semper
970 2078 1248 2144 aluisset
1278 2077 1718 2165 omnibusque
1750 2078 1949 2144 rebus
1978 2083 2299 2160 ornasset,

281 2186 361 2250 ad
410 2184 548 2249 vim
593 2188 795 2270 atque
842 2205 1029 2248 arma
1076 2182 1504 2248 descenderet
1550 2189 1753 2269 atque
1802 2205 1881 2247 ea
1923 2204 2081 2269 pars
2128 2204 2298 2268 quae

281 2290 502 2354 minus
545 2288 673 2353 sibi
719 2287 1081 2354 confideret
1123 2286 1380 2352 auxilia
1422 2309 1464 2351 a
1494 2287 2039 2375 Vercingetorige
2084 2311 2297 2356 arces·

184 2420 253 2468 20
280 2398 473 2471 seret,
517 2392 673 2458 huic
732 2391 828 2458 rei
889 2391 1447 2479 praevertendum
1506 2391 1942 2470 existimavit,
1987 2397 2074 2472 et,
2120 2394 2292 2481 quod
2323 2411 2353 2457 2

279 2498 538 2588 legibus
600 2497 1034 2562 Haeduorum
1097 2496 1182 2561 iis
1241 2497 1359 2581 qui
1429 2517 1765 2562 summum
1825 2496 2293 2585 magistratum

279 2603 663 2669 obtinerent
715 2601 1028 2668 excedere
1076 2622 1162 2665 ex
1212 2600 1459 2665 finibus
1517 2623 1652 2667 non
1705 2600 1952 2681 liceret,
1998 2625 2081 2667 ne
2133 2603 2293 2689 quid

282 2709 364 2773 de
410 2709 554 2773 iure
598 2711 719 2772 aut
764 2707 847 2770 de
894 2704 1156 2793 legibus
1207 2726 1433 2770 eorum
1486 2704 1890 2770 deminuisse
1935 2705 2293 2784 videretur,

277 2823 559 2876 subveniat
583 2819 698 2874 and
719 2827 925 2886 gemm,
954 2818 1001 2872 is
1025 2821 1087 2873 at
1112 2818 1237 2872 first
1261 2816 1418 2888 sight
1449 2816 1765 2889 suspicions
1786 2839 1800 2883 ;
1833 2818 1941 2873 but
1965 2836 2027 2873 as
2051 2824 2296 2875 consuevi

280 2891 384 2946 has
426 2909 463 2947 a
506 2894 736 2962 present
774 2889 1049 2959 meaning
1086 2889 1201 2944 and
1241 2892 1547 2956 antiquitus
1590 2888 1842 2958 requires
1878 2909 1914 2946 a
1950 2894 2080 2960 past
2116 2895 2293 2956 tense,

280 2970 635 3025 consuessent,
681 2961 742 3016 in
785 2958 1004 3017 desault
1048 2961 1112 3017 of
1147 2978 1183 3015 a
1225 2959 1446 3030 perfect
1486 2959 1626 3014 with
1672 2978 1708 3014 a
1750 2964 1879 3030 past
1920 2960 2209 3034 meaning,
2247 2962 2295 3017 is

283 3035 559 3105 required.
633 3034 700 3088 In
727 3032 925 3089 Oratio
952 3032 1131 3088 Recta
1155 3031 1255 3086 the
1284 3034 1551 3087 sentence
1577 3031 1766 3087 would
1792 3032 1861 3088 be
1890 3035 2097 3104 sinyuli
2129 3037 2295 3104 magi·

278 3113 486 3161 stratus
508 3108 818 3187 antiquitas
845 3106 1021 3159 creari
1046 3144 1060 3157 .
1090 3143 1103 3158 .
1133 3144 1148 3159 .
1172 3111 1513 3184 consecrant.
1532 3178 1543 3189 ·

351 3175 1810 3319 ξοὲιΐοὲιῗνῗιε1·ζέἑὲἲιεέἲέἕῖἷιέἓξιὲπὲξηιείρτζξέἷῖιανὶε.

351 3322 451 3384 33.
479 3318 509 3392 ξ
539 3321 587 3375 1.
622 3321 730 3375 sibi
755 3319 931 3375 refers
955 3322 1015 3373 ιο
1033 3335 1189 3388 pars.

342 3394 791 3461 praevertendum
825 3390 929 3445 has
964 3391 1109 3445 been
1140 3388 1395 3460 wrongly
1426 3407 1495 3444 ex
1539 3386 1730 3444 lained
1766 3407 1829 3444 as
1866 3389 2194 3459 equivalent
2231 3395 2292 3446 to

280 3466 685 3518 occurrendum.
755 3460 874 3516 The
918 3460 1193 3532 meaning
1240 3460 1289 3514 is
1334 3461 1429 3530 (he
1477 3464 1504 3514 t
1546 3459 1730 3531 ought
1773 3460 1930 3527 that)
1970 3462 2292 3517 ‘attention

281 3532 486 3589 should
521 3533 591 3588 be
631 3533 839 3588 turned
878 3533 1030 3587 first'
1069 3532 1155 3601 (to
1179 3532 1352 3586 thisl:
1391 3531 1701 3587 translated
1731 3530 1858 3587 into
1885 3531 2147 3605 English,
2177 3532 2293 3590 this

280 3605 470 3661 would
494 3605 565 3660 be
592 3606 607 3633 ‘
624 3605 696 3659 he
723 3603 997 3672 regarded
1024 3603 1072 3659 it
1096 3621 1157 3658 as
1176 3602 1267 3657 his
1290 3603 1415 3659 first
1439 3603 1583 3686 duty
1610 3607 1671 3659 to
1692 3603 1721 3668 ',
1752 3605 1854 3659 διο.

355 3674 385 3748 §
412 3676 466 3731 2.
538 3680 672 3732 uod.
700 3715 713 3729 .
744 3716 757 3729 .
786 3679 977 3730 liceret.
1038 3675 1143 3731 See
1169 3676 1268 3731 the
1288 3678 1421 3731 note
1444 3691 1518 3729 on
1538 3694 1574 3742 1,
1596 3676 1681 3738 47,
1700 3673 1730 3746 ξ
1750 3676 1786 3730 4
1807 3676 1969 3747 (quod
1992 3715 2006 3730 .
2035 3716 2049 3732 .
2082 3717 2095 3731 .
2118 3679 2292 3743 esset).

280 3749 400 3803 The
449 3766 512 3801 su
548 3746 812 3817 junctive
858 3745 908 3800 is
954 3763 1249 3817 necessary
1296 3746 1534 3802 because
1582 3745 1789 3801 Caesar
1837 3765 2032 3803 means
2079 3751 2139 3803 to
2179 3748 2293 3803 call

282 3819 572 3875 attention
622 3823 682 3874 ιο
735 3818 836 3874 the
892 3817 1141 3889 thought
1189 3818 1375 3873 which
1431 3817 1754 3874 influenced
1808 3818 1897 3873 his
1946 3818 2292 3885 decision‚—-

285 3893 554 3947 ‘because
578 3893 592 3916 ’
631 3891 715 3961 (as
750 3890 825 3945 he
862 3889 1145 3956 reflected‚
1182 3890 1327 3956 δια).
1992 3959 2043 3988 Γ

282 3965 669 4090 ω’ἑῖιῗΐῗιίθ·
684 3964 1024 4088 ἐθὲἷῖζῖἴέ·
1042 3961 1121 4086 0f¹
1136 3960 1606 4113 ,3⁵53ssssthssssssss
1609 3960 1919 4103 31}ssssssss
1919 3977 2090 4087 {112}ss
2107 3962 2294 4114 ιξῖἒὲἶ

354 4109 419 4160 de
444 4108 564 4161 iure
586 4113 703 4160 aut.
770 4103 796 4157 I
821 4120 914 4158 am
940 4105 1044 4158 not
1067 4103 1317 4157 satisfied
1342 4104 1472 4158 that
1496 4102 1656 4159 these
1684 4103 1867 4158 words
1891 4119 1987 4158 are
2013 4122 2038 4157 s
2082 4120 2288 4167 uriom,

281 4176 565 4247 although
602 4176 917 4230 Mommsen
958 4179 1073 4244 (see
1096 4176 1257 4240 J.B.,
1287 4174 1441 4240 1910,
1469 4193 1525 4245 p.
1550 4174 1647 4241 48)
1689 4173 1987 4230 remarked
2024 4179 2050 4230 t
2093 4178 2157 4230 at
2191 4175 2290 4231 the

281 4248 561 4303 variation
599 4247 857 4303 between
895 4270 928 4301 α
964 4244 1081 4301 and
1119 4252 1177 4313 β,
1200 4245 1388 4300 which
1431 4246 1532 4300 has
1575 4249 1641 4301 de
1681 4248 1887 4315 leyibus
1921 4255 2021 4301 aut
2055 4249 2120 4301 de
2156 4249 2291 4311 iure,

282 4319 519 4391 pointed
568 4322 629 4374 to
670 4318 826 4374 their
865 4316 1040 4389 being
1077 4336 1114 4373 a
1153 4317 1324 4389 glosS,
1361 4317 1475 4372 and
1520 4317 1734 4373 Meusel
1772 4317 1911 4373 adds
1953 4317 2083 4373 that
2120 4316 2291 4374 while
