3177 5166
794 361 1526 430 COMMENTARIUS
1572 360 1710 428 v11
2133 361 2263 429 299

336 527 606 593 Postero
650 527 760 593 die
804 527 1080 594 coneilio
1123 532 1501 606 convocate,
1536 529 1914 594 consolatus
1957 528 2261 595 cohorta-
2288 542 2383 598 29
2403 551 2624 601 veroin.

244 636 487 718 tusque
535 635 637 698 est
683 654 769 698 ne
819 653 890 697 se
941 631 1297 698 admodum
1343 632 1565 700 animo
1617 632 2048 699 demitterent
2092 655 2260 699 neve

241 736 800 823 perturbarentur
859 735 1293 803 incommodo.
1384 736 1540 802 Non
1600 737 1856 804 virtute
1916 759 2148 824 neque
2186 738 2259 803 in
2285 757 2315 805 2

239 840 382 907 acie
413 840 647 907 vicisse
679 841 1029 918 Romanos,
1058 840 1174 906 sed
1214 840 1495 907 artificio
1537 842 1825 928 quodam
1869 846 1939 908 et
1981 842 2259 909 scientia

179 967 209 1015 5
239 946 778 1034 oppugnationis,
807 945 996 1012 euius
1028 946 1123 1011 rei
1154 944 1410 1011 fuerint
1439 946 1567 1033 ipsi
1599 946 1909 1034 imperiti.
2000 946 2240 1013 Errare
2284 958 2313 1006 3

236 1050 292 1114 si
342 1050 456 1136 qui
504 1050 573 1115 in
618 1049 789 1116 bello
829 1072 1058 1117 omnes
1100 1051 1421 1116 secundos
1464 1073 1687 1117 rerum
1728 1057 2094 1139 proventus
2142 1075 2254 1118 ex-

236 1160 524 1243 pectent.
617 1155 761 1222 Sibi
800 1177 1165 1241 numquam
1206 1155 1533 1243 placuisse
1563 1156 1925 1222 Avaricum
1967 1156 2255 1237 defendi,
2283 1159 2310 1206 4

235 1260 426 1326 cuius
458 1261 552 1326 rei
584 1264 789 1326 testes
820 1260 997 1348 ipsos
1035 1260 1330 1342 haberet,
1361 1260 1477 1326 sed
1508 1261 1761 1327 factum
1802 1261 2255 1349 imprudentia

236 1366 620 1454 Biturigum
668 1369 738 1431 et
790 1365 1000 1430 nimia
1045 1364 1478 1451 obsequentia
1530 1365 1937 1451 reliquorum
1982 1366 2084 1431 uti
2130 1366 2254 1432 hoc

142 1492 207 1539 10
233 1469 726 1537 incommodum
769 1470 1195 1557 acciperetur.
1287 1469 1369 1535 Id
1400 1475 1627 1536 tamen
1671 1491 1740 1535 se
1783 1470 2085 1537 celeriter
2114 1493 2254 1535 ma·
2280 1493 2310 1542 5

234 1575 488 1640 ioribus
533 1574 892 1641 commodis
935 1579 1346 1641 sanaturum.
1438 1574 1616 1640 Nam
1655 1595 1824 1661 quae
1864 1574 1951 1640 ab
1982 1575 2254 1662 reliquis
2280 1594 2310 1641 6

234 1679 448 1745 Gallis
476 1680 784 1746 civitates
814 1678 1260 1757 dissentirent,
1293 1678 1414 1744 has
1453 1700 1574 1744 sua
1604 1678 1954 1767 diligentia
1983 1679 2252 1746 adiunc-

234 1789 465 1850 turum
517 1789 721 1871 atque
773 1806 980 1849 unum
1034 1784 1380 1851 consilium
1429 1784 1639 1850 totius
1682 1783 1939 1850 Galliae
1985 1786 2251 1852 effectu·

232 1911 405 1968 rum,
438 1890 626 1956 cuius
666 1889 1011 1955 consensui
1043 1911 1128 1954 ne
1157 1888 1336 1954 orbis
1377 1888 1644 1974 quidem
1675 1893 2005 1955 terrarum
2042 1891 2254 1977 possit

137 2014 203 2063 15
232 1994 591 2075 obsistere3
657 1992 858 2080 idque
901 2015 971 2059 se
1016 2014 1222 2080 prope
1267 1994 1399 2057 iam
1440 1994 1746 2059 effectum
1790 1993 2048 2060 habere.
2140 1995 2251 2060 In·
2279 2013 2308 2067 7

231 2104 419 2165 terea
447 2119 733 2185 aequum
765 2119 903 2164 esse
932 2097 1020 2162 ab
1041 2098 1124 2163 iis
1152 2098 1519 2165 communis
1548 2098 1788 2163 salutis
1816 2119 2014 2164 causa
2044 2098 2249 2187 impe·

231 2202 405 2269 trari
448 2207 530 2268 ut
580 2206 801 2269 castra
854 2202 1115 2267 munire
1164 2202 1614 2280 instituerent,
1661 2224 1793 2288 quo
1834 2202 2099 2270 facilius
2142 2226 2245 2270 re-

230 2307 544 2395 pentinos
588 2306 882 2373 hostium
928 2306 1218 2392 impetus
1261 2307 1590 2372 sustinere
1633 2312 1919 2393 possent.

2400 619 2610 680 getorix

2401 685 2662 746 promises

2401 753 2458 798 to
2480 752 2657 815 repair-

2401 816 2496 865 the
2517 816 2627 867 dis·

2398 885 2555 933 aster.

323 2412 483 2478 Fuit
513 2412 674 2478 haec
696 2411 912 2477 oratio
942 2432 1075 2476 non
1105 2412 1374 2499 ingrata
1404 2411 1633 2492 Gallis,
1656 2417 1726 2478 et
1754 2413 2042 2479 maxime
2073 2412 2249 2500 quod
2278 2429 2374 2485 30
2392 2429 2701 2494 Hisepeoeh

132 2540 201 2588 20
229 2518 375 2605 ipse
425 2517 650 2583 animo
703 2538 836 2583 non
888 2516 1224 2582 defecerat
1275 2521 1467 2582 tanto
1518 2523 1788 2606 accepto
1836 2518 2250 2586 incommodo

228 2645 447 2708 neque
522 2623 674 2709 (se)
749 2623 822 2687 in
881 2621 1212 2688 oecultum
1274 2621 1628 2687 abdiderat
1689 2628 1757 2688 et
1827 2628 2248 2711 conspectum

230 2726 689 2792 multitudinis
756 2725 1060 2814 fugerat3
1142 2726 1421 2813 plusque
1489 2726 1713 2792 animo
1778 2728 2128 2814 providere
2182 2732 2251 2794 et
2275 2747 2306 2795 2

227 2832 641 2919 praesentire
716 2830 1247 2909 existimabatur,
1319 2831 1494 2918 quod
1562 2853 1634 2897 re
1698 2831 1961 2919 integra
2034 2832 2251 2919 primo

227 2935 720 3002 incendendum
766 2936 1150 3015 Avaricum,
1195 2939 1347 3022 post
1393 2935 1827 3002 deserendum
1880 2942 2247 3003 censuerat.

129 3064 197 3113 25
229 3042 475 3127 Itaque
519 3047 600 3107 ut
634 3040 1038 3127 reliquorum
1092 3041 1568 3127 imperatorum
1620 3062 1726 3106 res
1776 3040 2092 3107 adversae
2123 3064 2239 3107 au·
2276 3049 2305 3097 3

226 3146 614 3213 ctoritatem
658 3146 994 3226 minuunt,
1038 3146 1132 3211 sic
1191 3145 1391 3211 huius
1435 3168 1519 3212 ex
1565 3147 1899 3212 contrario
1951 3145 2248 3234 dignitas

225 3249 647 3316 incommodo
713 3254 983 3337 accepto
1051 3249 1124 3314 in
1188 3248 1331 3315 dies
1404 3250 1796 3338 augebatur.
1887 3250 2102 3317 Simul
2175 3253 2246 3317 in

223 3376 414 3442 spem
477 3353 838 3420 veniebant
908 3354 1051 3419 eius
1122 3353 1586 3421 adfirmatione
1656 3354 1740 3420 de
1801 3354 2073 3441 reliquis
2130 3356 2246 3421 ad-

223 3459 586 3547 iungendis
644 3459 1048 3539 civitatibus,
1104 3459 1523 3546 primumque
1574 3483 1654 3527 eo
1712 3466 2009 3548 tempore
2069 3462 2244 3528 Galli
2272 3474 2300 3522 4

301 3645 407 3709 29,
448 3640 478 3714 ξ
518 3642 569 3697 2.
606 3645 844 3709 fuerim.
921 3641 1024 3697 See
1072 3642 1174 3697 the
1223 3643 1357 3697 note
1408 3660 1482 3697 on
1531 3639 1570 3708 i,
1613 3640 1702 3710 31,
1749 3639 1778 3714 ξ
1823 3641 1875 3698 8.
1958 3642 2246 3701 Professor

222 3715 499 3785 Postgate
538 3714 627 3784 (Ο.
649 3717 730 3783 R„
759 3713 914 3781 1903,
950 3731 1009 3785 p.
1041 3712 1174 3783 443)
1213 3713 1463 3770 remarks
1496 3713 1628 3769 that
1667 3716 1734 3768 ‘a
1771 3713 2104 3785 recognized
2145 3734 2243 3771 use

221 3788 293 3843 of
323 3787 422 3841 the
449 3784 709 3855 Primary
731 3786 939 3842 Tenses
971 3785 1021 3840 is
1044 3785 1146 3841 the
1173 3802 1281 3841 one
1307 3786 1367 3840 in
1396 3825 1410 3840 .
1440 3826 1453 3840 .
1478 3825 1492 3839 .
1518 3784 1816 3840 Universal
1842 3785 2242 3857 Statements’‚

219 3856 348 3915 and
372 3857 715 3928 apparently
742 3858 971 3929 regards
980 3859 1207 3928 fuerint
1230 3857 1342 3912 and
1361 3858 1536 3927 possit
1562 3856 1583 3927 (
1645 3856 1703 3927 6)
1726 3872 1788 3910 as
1813 3858 2121 3929 examples.

300 3926 335 4002 ξ
375 3929 432 3984 6.
472 3932 667 4000 possit.
742 3928 956 3985 Meusel
986 3931 1066 3999 (J.
1086 3931 1172 3993 B„
1219 3928 1376 3995 1894,
1426 3948 1482 4000 p.
1521 3928 1591 3983 36
1631 3927 1651 3997 )
1702 3928 1956 3984 remarks
2004 3930 2134 3986 that
2182 3948 2242 3986 as

217 4001 434 4058 Caesar
477 4000 857 4071 occasionally
896 4004 1032 4072 puts
1073 3998 1309 4056 relative
1354 4000 1567 4055 clauses
1610 3998 1671 4054 in
1708 4001 1807 4056 the
1854 4000 2073 4070 perfect
2121 4003 2244 4058 sub·

210 4072 483 4146 junctive
518 4089 659 4129 even
685 4073 849 4129 when
873 4073 1180 4143 secondary
1198 4074 1390 4128 tenses
1415 4071 1478 4127 of
1496 4070 1596 4127 the
1621 4070 1979 4141 subjunctive
2005 4073 2242 4143 precede
2323 4131 2328 4135 ,

215 4144 343 4202 and
371 4143 579 4211 follow,
607 4162 644 4200 a
669 4144 906 4201 relative
932 4143 1120 4200 clause
1148 4161 1279 4214 may
1303 4142 1472 4198 stand
1497 4141 1559 4197 in
1584 4142 1684 4199 the
1763 4148 1951 4200 resent
1981 4144 2243 4215 subjunc-

214 4219 342 4273 tive
384 4214 668 4288 although
710 4234 786 4272 an
825 4214 1131 4287 imperfect
1171 4215 1438 4287 precedes
1483 4215 1597 4271 and
1641 4214 1721 4270 fol
1748 4232 1862 4271 ows
1903 4214 1968 4271 it.
2042 4215 2110 4270 In
2153 4215 2243 4273 his

215 4286 420 4346 school
446 4286 665 4343 edition
690 4287 899 4359 (1908),
924 4288 1201 4356 however,
1225 4287 1297 4342 he
1324 4285 1424 4342 has
1447 4285 1667 4342 altered
1685 4289 1857 4357 possit
1882 4285 2006 4343 into
2021 4297 2218 4357 posset.

296 4363 409 4425 30,
437 4358 467 4432 ξ
496 4360 547 4416 3.
584 4362 776 4431 Itaque
798 4398 814 4414 .
840 4399 854 4415 .
886 4400 900 4415 .
925 4359 1238 4428 auqebatur.
1298 4357 1387 4414 No
1411 4358 1555 4413 finer
1579 4357 1954 4430 compliment
1974 4376 2090 4414 was
2112 4377 2245 4416 ever

218 4430 369 4505 paid
396 4431 471 4502 by
496 4448 532 4486 a
557 4445 870 4501 conqueror
893 4434 955 4486 to
978 4429 1067 4485 his
1092 4429 1407 4501 adversary.

2392 2498 2638 2547 received

2393 2563 2530 2614 with
2550 2578 2642 2614 en·

2391 2630 2681 2680 thusiasm.
