3177 5166
932 338 1063 400 306
1496 335 1619 401 DE
1667 335 1952 401 BELLO
1999 334 2391 402 GALLICO

493 511 688 589 Caesar
877 521 907 567 6
932 499 1156 568 hostes
1187 499 1610 565 videbantur.
1701 499 1832 566 Sed
1863 499 1922 564 is
1961 498 2143 567 locus
2182 498 2510 586 praesidio
2538 499 2624 564 ab
2670 499 2785 564 his
2825 521 2970 564 non

494 593 782 708 ῗξῖἷθξρῖο,
877 618 905 671 7
933 603 1132 669 nimis
1162 603 1353 670 firmo
1390 603 1764 672 tenebatur.
1854 604 2103 670 Tamen
2145 603 2412 669 silentio
2452 604 2666 669 noctis
2703 602 2974 670 Caesar

496 710 603 838 213
599 712 784 827 ἓξὲξ-ἀ
933 731 1017 774 ex
1068 708 1305 774 castris
1356 730 1679 796 egressuS,
1722 708 1910 797 prius
1962 730 2161 795 quam
2218 707 2515 775 subsidio
2567 731 2653 774 ex
2705 708 2973 796 oppido

498 846 758 892 connects
934 812 1149 878 veniri
1193 818 1432 900 posset,
1471 813 1728 880 deiecto
1769 812 2102 900 praesidio
2144 814 2400 899 potitus
2448 812 2592 879 loco
2639 811 2815 877 duas
2869 811 2970 876 ibi

499 908 793 1024 ἱζξζθζξὴ
933 917 1224 1005 legiones
1294 918 1669 984 conlocavit
1734 917 2110 1004 fossamque
2179 916 2508 1004 duplicem
2568 916 2971 982 duodenum
2997 932 3027 978 5

500 1044 657 1089 ment
670 1039 809 1090 with
933 1023 1178 1111 pedum
1238 1045 1280 1088 a
1332 1023 1698 1089 maioribus
1748 1022 1985 1089 castris
2042 1022 2125 1088 ad
2182 1022 2442 1088 minora
2495 1021 2839 1109 perduxit,
2889 1029 2976 1086 ut

502 1105 790 1236 ξξιὲξὲθῗ
933 1133 1085 1195 tuto
1123 1128 1211 1193 ab
1240 1128 1588 1215 repentino
1628 1128 1921 1194 hostium
1963 1128 2234 1194 incursu
2265 1127 2467 1193 etiam
2503 1125 2753 1214 singuli
2785 1149 2975 1192 com-

937 1254 1158 1299 meare
1187 1238 1478 1320 possent.

506 1359 787 1411 Convicto·
817 1346 912 1406 37
1027 1337 1206 1404 Dum
1252 1338 1415 1404 haec
1449 1337 1536 1402 ad
1581 1337 1982 1425 Gergoviam
2025 1342 2370 1426 geruntur,
2401 1335 2976 1405 Convictolitavis

506 1425 817 1543 Rzffissho
944 1441 1290 1523 Haeduus,
1335 1441 1442 1507 0¹15
1519 1443 1988 1531 magistratum
2058 1442 2513 1509 adiudicatum
2573 1464 2615 1507 a
2673 1439 2975 1508 Caesare
3003 1456 3062 1502 ιο

506 1558 821 1687 {effug-gt,
943 1546 1565 1626 demonstravimus,
1598 1545 1994 1614 sollicitatus
2028 1546 2114 1612 ab
2146 1547 2470 1613 Arvernis
2498 1546 2784 1634 pecunia
2812 1567 2976 1612 curn

511 1691 753 1741 Arverni
946 1651 1344 1738 quibusdam
1399 1650 1934 1719 adulescentibus
1991 1652 2434 1738 conloquitur,
2479 1673 2760 1738 quorum
2821 1658 2979 1716 erat

512 1756 623 1806 ⁸¹¹³
644 1756 800 1819 δύω*
946 1757 1254 1845 princeps
1313 1755 1695 1823 Litaviccus
1759 1762 1961 1844 atque
2031 1757 2176 1823 eius
2242 1756 2504 1834 fratres,
2551 1755 2981 1843 amplissima

513 1822 805 1952 ἳῖξζηξιω
891 1870 924 1920 2
950 1859 1209 1926 familia
1251 1860 1396 1925 nati
1440 1859 1914 1928 adulescentes,
2007 1860 2177 1927 Cum
2222 1860 2329 1926 his
2371 1859 2742 1947 praemium
2787 1881 2978 1926 com-

951 1965 1250 2032 municat
1298 1964 1741 2052 hortaturque
1789 1971 1869 2032 ut
1918 1988 1989 2032 se
2035 1964 2278 2032 liberos
2322 1969 2394 2030 et
2441 1964 2720 2052 imperio
2771 1969 2984 2030 natos
3009 1979 3066 2025 15

897 2083 928 2132 3
954 2069 1394 2136 meminerint.
1484 2068 1712 2135 Unam
1755 2093 1895 2136 esse
1937 2069 2370 2136 Haeduorum
2409 2069 2755 2136 civitatem
2797 2091 2984 2155 quae

953 2173 1388 2240 certissimam
1435 2172 1693 2240 Galliae
1739 2174 2085 2241 victoriam
2138 2174 2489 2255 distineat;
2548 2174 2690 2239 eius
2740 2177 2982 2239 aucto-

956 2278 1158 2343 ritate
1194 2277 1483 2363 reliquas
1523 2278 1885 2359 contineri;
1938 2300 2071 2364 qua
2114 2278 2423 2345 traducta
2467 2278 2681 2344 locum
2723 2277 2984 2344 consis-

902 2392 931 2439 4
958 2381 1145 2447 tendi
1189 2380 1507 2447 Romanis
1558 2380 1633 2447 in
1676 2381 1897 2447 Gallia
1949 2404 2083 2449 non
2129 2381 2292 2449 fore.
2382 2380 2543 2448 Esse
2594 2403 2732 2447 non
2785 2381 2985 2446 nullo

959 2508 1030 2552 se
1078 2485 1381 2553 Caesaris
1432 2486 1750 2553 beneficio
1795 2485 2154 2567 adfectum,
2198 2486 2291 2552 sic
2342 2489 2568 2552 tamen
2619 2491 2699 2552 ut
2746 2486 2986 2551 iustis·
3011 2501 3068 2547 cu

960 2592 1196 2659 simam
1226 2591 1405 2679 apud
1425 2614 1576 2657 eum
1600 2613 1867 2658 causam
1890 2590 2289 2672 obtinuerit3
2319 2589 2432 2656 sed
2458 2589 2608 2677 plus
2637 2591 2984 2657 communi

907 2710 938 2765 5
963 2695 1260 2762 libertati
1313 2695 1625 2762 tribuere.
1717 2695 1859 2763 Cur
1908 2695 2086 2761 enim
2134 2695 2358 2782 potius
2405 2694 2669 2761 Haedui
2716 2694 2803 2760 de
2856 2717 2986 2761 suo

963 2801 1109 2866 iure
1154 2807 1222 2866 et
1266 2800 1349 2866 de
1392 2800 1653 2887 legibus
1694 2800 1781 2866 ad
1825 2799 2177 2867 Caesarem
2220 2799 2727 2886 disceptatorem
2775 2821 2984 2886 quam

910 2924 940 2970 6
968 2904 1249 2969 Romani
1269 2903 1356 2969 ad
1382 2903 1699 2970 Haeduos
1722 2904 2044 2972 veniant?
2106 2903 2427 2970 Celeriter
2443 2902 2987 2970 adulescentibus

968 3015 1038 3076 et
1080 3008 1379 3076 oratione
1430 3009 1865 3096 magistratus
1911 3012 1982 3075 et
2022 3008 2318 3096 praemio
2359 3007 2678 3089 deductis,
2711 3029 2864 3074 cum
2915 3031 2985 3075 se
3009 3023 3068 3071 2⁵

970 3114 1079 3179 vel
1146 3113 1477 3201 principes
1548 3113 1693 3179 eius
1750 3113 2009 3180 consilii
2069 3112 2212 3178 fore
2271 3113 2759 3200 profiterentur,
2807 3115 2988 3180 ratio

971 3217 1353 3306 perficiendi
1420 3217 1881 3304 quaerebatur,
1934 3217 2112 3303 quod
2175 3217 2517 3283 civitatem
2578 3222 2828 3283 temere
2899 3218 2986 3283 ad

972 3322 1463 3411 suscipiendum
1518 3322 1767 3388 bellum
1825 3321 2065 3389 adduci
2118 3343 2308 3409 posse
2360 3343 2492 3388 non
2538 3322 2986 3388 confidebant.

1050 3483 1080 3558 ξ
1108 3485 1159 3541 6.
1194 3488 1562 3554 nimisfirmo.
1629 3483 1844 3541 Meusel
1872 3485 2034 3542 reads
2057 3488 2445 3556 infimam—an
2472 3484 2841 3542 emendation
2867 3503 2991 3557 pro-

979 3556 1153 3628 posed
1186 3556 1262 3629 by
1287 3558 1355 3611 A.
1383 3557 1608 3622 zucker,
1635 3556 1820 3613 which
1846 3575 2027 3613 seems
2049 3561 2112 3614 to
2134 3575 2226 3614 me
2248 3555 2453 3628 hardly
2477 3574 2793 3628 necessary.
2869 3557 2988 3612 The

980 3627 1254 3698 meaning
1290 3629 1355 3684 of
1384 3628 1487 3686 the
1525 3627 1644 3682 MS.
1671 3628 1867 3685 readin
1949 3629 1997 3684 is
2031 3628 2196 3712 (they
2220 3628 2356 3685 held
2393 3629 2494 3684 the
2531 3627 2710 3699 place,
2739 3629 2989 3701 though)

978 3700 1126 3828 wtitlllr
1148 3717 1222 3756 an
1246 3699 1593 3826 inadgluate
1618 3700 1786 3756 force.
1841 3699 1863 3771 (
1918 3700 2410 3772 otmthstanding,
2434 3699 2641 3756 Caesar
2662 3700 2868 3756 moved
2891 3707 2990 3756 out

984 3789 1017 3827 o
1111 3789 1158 3826 is
1183 3788 1309 3827 cam
1351 3813 1365 3838 ‚
1444 3789 1491 3828 c.

1054 3841 1156 3916 §⁹7.
1182 3860 1249 3898 ea·
1266 3772 1518 3899 σαῐέίνίε.)
1548 3841 1803 3899 Caesar's
1821 3840 2065 3913 original
2088 3861 2255 3914 camp
2291 3842 2480 3899 which
2505 3841 2704 3899 Stoffel
2729 3842 2854 3897 also
2878 3842 2991 3898 dis·

986 3914 1235 3980 covered,
1263 3932 1375 3971 was
1411 3932 1486 3970 on
1518 3932 1555 3970 a
1585 3913 1695 3970 low
1724 3912 1958 3985 plateau
1993 3914 2166 3970 north
2204 3886 2275 3970 01²
2300 3915 2402 3971 the
2426 3914 2580 3971 little
2605 3913 2753 3970 river
2775 3914 2991 3975 Annon.

984 3986 1160 4042 about
1206 3985 1337 4041 half
1378 4003 1415 4041 a
1463 3986 1603 4042 mile
1653 3985 1992 4042 north-west
2040 3986 2106 4041 of
2148 3986 2248 4042 the
2288 3985 2497 4056 village
2540 3985 2607 4041 of
2647 3984 2840 4051 Orcet,
2881 3986 2993 4041 and

987 4057 1154 4125 3‚000
1197 4057 1369 4128 yards
1418 4059 1565 4114 from
1612 4056 1715 4113 the
1763 4057 2181 4115 south-eastern
2229 4074 2432 4115 corner
2478 4057 2544 4114 of
2583 4056 2683 4113 the
2733 4062 2890 4113 town
2937 4057 3000 4113 os

987 4127 1267 4200 Gergovia
1305 4131 1390 4199 (0.
1411 4130 1494 4197 G„
1521 4146 1618 4201 pp.
1646 4128 1863 4201 756-7).

1058 4204 1277 4256 minora
1312 4200 1375 4256 of
1407 4218 1602 4256 course
1634 4217 1834 4257 means
1865 4199 1966 4257 the
1989 4218 2156 4272 camp
2181 4198 2371 4258 which
2409 4200 2524 4256 had
2549 4200 2673 4272 just
2696 4200 2844 4256 been
2872 4217 2998 4256 con·

989 4271 1257 4338 structed,
1274 4290 1339 4328 or
1352 4289 1465 4327 was
1481 4271 1543 4326 in
1563 4289 1789 4341 process
1805 4272 1871 4327 of
1880 4272 2286 4339 construction,
2297 4289 2374 4328 on
2392 4271 2494 4329 the
2513 4271 2703 4328 Boche
2719 4270 2999 4329 Blanche.

1062 4340 1218 4415 37,§
1259 4345 1309 4398 5.
1356 4347 1474 4398 suis
1507 4342 1557 4397 is
1594 4343 1858 4411 inserted,
1896 4344 2146 4415 perhaps
2187 4342 2421 4416 rightly,
2454 4342 2652 4400 before
2684 4344 2893 4411 lapibus
2927 4345 2999 4415 by

989 4412 1042 4471 J.
1076 4412 1266 4485 Lange
1294 4414 1386 4487 (N.
1401 4417 1476 4483 J.‚
1503 4413 1642 4483 cliii,
1675 4414 1830 4481 1896,
1858 4432 1912 4486 p.
1935 4415 2227 4486 714)‚·who
2251 4413 2398 4471 cites
2421 4430 2592 4485 many
2615 4413 2908 4485 parallela-
