3177 5166
790 326 1521 395 COMMENTARIUS
1567 327 1718 392 IIII
2131 329 2256 392 143

334 490 728 556 Germanico
781 489 954 555 bello
990 488 1291 556 confecto
1338 490 1569 555 multis
1620 489 1703 555 de
1751 490 1967 556 causis
2011 490 2257 557 Caesar
2286 503 2378 559 16
2405 506 2491 555 He
2515 505 2691 555 deter-

245 595 493 660 statuit
536 594 663 659 sibi
710 594 1017 660 Rhenum
1059 615 1198 660 esse
1245 594 1763 676 transeundum3
1808 616 2091 681 quarum
2136 595 2256 661 illa
2403 574 2658 687 332²}ss

248 699 386 765 fuit
416 699 781 764 iustissima
810 698 1007 784 quod,
1029 719 1179 764 cum
1212 698 1469 764 videret
1487 698 1853 765 Germanos
1889 705 2027 764 tam
2060 699 2255 765 facile
2403 704 2598 768 Rhino,

249 802 501 890 impelli
551 805 629 869 ut
664 802 734 867 in
766 802 1053 868 Galliam
1086 802 1412 883 venirent,
1442 802 1581 868 suis
1611 824 1872 889 quoque
1916 803 2114 868 rebus
2144 825 2256 870 eos

188 928 221 977 6
249 908 486 973 timere
539 905 771 984 voluit,
824 927 973 972 cum
1028 905 1491 994 intellegerent
1538 911 1609 972 et
1658 929 1847 994 posse
1898 911 1967 972 et
2013 906 2258 973 audere

250 1010 479 1098 populi
512 1009 792 1076 Romani
824 1009 1189 1076 exercitum
1232 1010 1539 1075 Rhenum
1569 1011 1873 1076 transire.
1963 1011 2259 1077 Accessit
2285 1029 2314 1075 2

252 1116 456 1181 etiam
488 1114 663 1201 quod
693 1114 810 1180 illa
844 1136 999 1201 pars
1029 1114 1368 1200 equitatus
1405 1113 1763 1200 Usipetum
1809 1119 1879 1180 et
1907 1115 2257 1181 Tenctero-

253 1242 422 1297 rum,
453 1241 651 1306 quam
675 1239 878 1305 supra
905 1218 1415 1285 commemoravi
1440 1219 1806 1305 praedandi
1840 1218 2254 1285 frumentan-

253 1324 453 1410 dique
483 1344 683 1388 causa
706 1322 960 1388 Mosam
991 1322 1307 1388 transisse
1336 1345 1550 1409 neque
1581 1323 1832 1409 proelio
1854 1321 2259 1412 interfuisse,

163 1451 229 1498 10
254 1430 406 1516 post
445 1426 676 1513 fugam
722 1429 991 1493 suorum
1023 1449 1094 1493 se
1124 1430 1314 1492 trans
1343 1426 1649 1492 Rhenum
1681 1427 1750 1492 in
1781 1428 1948 1492 fines
1980 1426 2260 1514 Sugam-

257 1533 526 1598 brorum
587 1533 923 1617 receperat
981 1553 1181 1617 seque
1239 1552 1390 1598 cum
1451 1531 1556 1596 his
1608 1531 2063 1598 coniunxerat.
2152 1530 2258 1596 Ad
2289 1551 2318 1597 3

256 1658 422 1723 quos
450 1657 601 1701 cum
634 1634 881 1703 Caesar
908 1634 1182 1701 nuntios
1210 1635 1517 1712 misisset,
1547 1635 1661 1721 qui
1703 1634 2121 1722 postularent
2150 1657 2261 1701 eos

256 1741 373 1827 qui
418 1739 546 1805 sibi
595 1739 980 1825 Galliaeque
1033 1738 1279 1804 bellum
1324 1738 1710 1805 intulissent
1753 1738 1881 1804 sibi
1925 1738 2262 1818 dederent,

255 1843 778 1931 responderunt:
851 1842 1081 1930 populi
1157 1842 1440 1908 Romani
1525 1843 1879 1929 imperium
1957 1843 2262 1909 Rhenum
2291 1867 2318 1913 4

164 1971 228 2021 15
258 1948 488 2027 finire3
533 1947 590 2013 si
620 1969 690 2012 se
720 1947 938 2012 invito
969 1946 1334 2012 Germanos
1374 1947 1445 2010 in
1477 1946 1761 2012 Galliam
1806 1946 2093 2012 transire
2130 1968 2261 2011 non

259 2073 547 2139 aequum
599 2051 1032 2129 existimaret,
1082 2072 1201 2117 cur
1252 2050 1356 2115 sui
1407 2050 1760 2137 quicquam
1809 2073 1950 2116 esse
2003 2050 2261 2137 imperii

259 2161 382 2223 aut
468 2156 822 2243 potestatis
895 2159 1084 2220 trans
1158 2154 1465 2219 Rhenum
1554 2154 1967 2242 postularet?
2102 2155 2265 2221 Ubii
2293 2173 2322 2222 5

260 2266 504 2338 autem,
536 2260 649 2346 qui
681 2260 800 2325 uni
842 2281 926 2325 ex
955 2259 1484 2325 Transrhenanis
1513 2258 1600 2323 ad
1632 2258 1982 2326 Caesarem
2011 2258 2267 2346 legatos

261 2366 598 2441 miserant,
622 2363 983 2430 amicitiam
1015 2362 1329 2440 fecerant,
1353 2362 1614 2428 obsides
1635 2361 1975 2442 dederant,
1998 2384 2268 2449 magno-

167 2495 234 2542 20
263 2490 420 2557 pere
448 2468 732 2533 orabant
760 2472 840 2533 ut
868 2466 994 2531 sibi
1026 2465 1354 2531 auxilium
1393 2465 1620 2546 ferret,
1650 2465 1826 2552 quod
1855 2466 2156 2553 graviter
2183 2466 2270 2531 ab

267 2572 505 2640 Suebis
549 2575 1045 2659 premerentur3
1093 2569 1218 2648 vel,
1245 2570 1303 2636 si
1347 2569 1419 2636 id
1465 2568 1684 2637 facere
1727 2570 2272 2657 occupationibus
2302 2589 2331 2636 6

265 2678 364 2744 rei
413 2677 717 2765 publicae
765 2676 1245 2763 prohiberetur,
1300 2674 1665 2740 exercitum
1722 2674 1917 2740 modo
1968 2675 2273 2741 Rhenum

265 2784 793 2868 transportaret:
838 2780 910 2844 id
951 2780 1077 2845 sibi
1125 2779 1292 2864 (ad)
1328 2778 1656 2843 auxilium
1688 2801 2003 2866 spemque
2035 2779 2274 2866 reliqui

267 2907 370 2959 not
407 2901 545 2958 bold
594 2902 818 2973 enough
862 2905 920 2956 to
966 2901 1141 2983 adopt
1189 2900 1253 2955 R.
1294 2899 1543 2970 Sydow's
1588 2900 2163 2968 emendation,-Hoc
2206 2906 2279 2957 iis

275 2976 481 3031 Caesar
502 2975 798 3028 liberaliter
821 2972 1164 3040 (concessit).

340 3049 436 3113 16,
463 3044 493 3118 ξ
523 3046 570 3099 1.
609 3047 796 3100 multis
818 3047 884 3099 de
907 3047 1105 3099 causis.
1176 3042 1297 3098 'I'he
1325 3059 1553 3098 reasons
1578 3060 1674 3100 are
1700 3044 1890 3101 stated
1915 3045 1975 3099 in
2004 3045 2088 3111 19,
2118 3042 2147 3116 ξ
2171 3044 2223 3099 4.

342 3115 372 3189 ξ
406 3119 457 3172 4.
497 3119 722 3200 imperi}
756 3116 873 3170 and
895 3113 1436 3197 potestatisdepend
1472 3132 1629 3185 upon
1667 3133 1789 3183 esse,
1820 3120 1923 3172 not
1954 3132 2108 3186 upon
2137 3120 2279 3188 quic-

268 3209 378 3317 {1²13
381 3187 887 3317 Ἴὶιῖἓιοᾞέαξῖἒ
890 3203 920 3242 ⁶
940 3185 1463 3340 {tkffflytssaeit
1480 3189 1782 3314 ἷῗῖῗὲῗὲη
1802 3187 2282 3331 Ῑιῖιέἒὴξξῆἷὲἶὲ

269 3330 497 3402 beyond
522 3330 624 3387 the
647 3328 834 3386 Rhine
860 3348 885 3385 s
928 3329 1062 3385 ould
1087 3329 1157 3385 be
1183 3347 1245 3384 m
1266 3330 1357 3384 his
1382 3347 1570 3399 power
1590 3331 1622 3384 ⁶?
1640 3331 1654 3353 ’
1705 3328 1842 3384 This
1867 3347 2046 3386 seems
2067 3349 2103 3385 a
2127 3349 2281 3387 more

271 3403 633 3471 satisfactory
669 3400 1042 3472 explanation
1075 3401 1215 3457 than
1245 3400 1430 3470 ‘Why
1467 3401 1674 3456 should
1705 3401 1778 3457 he
1812 3401 1980 3456 claim
2017 3403 2146 3458 that
2169 3419 2283 3473 any

271 3476 338 3532 of
367 3474 458 3529 his
494 3491 685 3545 power
716 3514 729 3528 .
758 3513 770 3527 .
800 3515 812 3528 .
837 3473 1038 3528 should
1075 3472 1221 3528 exist
1257 3471 1478 3541 beyond
1517 3471 1615 3528 the
1655 3471 1919 3530 Rhine?'
1993 3473 2083 3528 Cf.
2120 3474 2158 3539 i,
2194 3475 2283 3541 21,

273 3545 303 3619 ξ
327 3547 362 3600 2
390 3547 547 3618 (quid
569 3548 662 3600 sui
683 3547 899 3601 consilii
919 3547 993 3599 sit
1016 3544 1269 3613 ostendit)
1296 3543 1409 3598 and
1435 3542 1529 3610 vii,
1560 3545 1646 3614 77,
1675 3543 1704 3617 §
1734 3545 1798 3600 12
1828 3546 1999 3616 (Quid
2021 3563 2144 3616 erqo
2179 3549 2285 3601 mei

274 3620 497 3674 consilii
521 3625 597 3672 est
618 3617 685 3687 ἓ),
711 3615 825 3672 and
850 3633 942 3672 see
968 3614 1325 3672 Schneider's
1352 3618 1505 3671 note.

346 3687 376 3760 ξ
404 3689 455 3744 5.
493 3691 590 3770 qui
623 3692 729 3743 uni
752 3729 766 3744 .
797 3728 810 3742 .
835 3728 851 3744 .
876 3690 1150 3743 aeder-ant.
1225 3688 1292 3740 In
1320 3686 1380 3751 ii,
1410 3688 1493 3753 35,
1523 3684 1585 3758 §§
1615 3687 1735 3755 1-2,
1764 3688 1968 3744 Caesar
1995 3706 2121 3759 says
2153 3689 2284 3744 that

273 3762 429 3817 aster
459 3759 550 3814 his
575 3759 884 3816 victorious
918 3775 1042 3814 cam
1120 3757 1222 3830 ign
1256 3757 1485 3829 against
1514 3758 1615 3814 the
1646 3759 1860 3830 Belgae
1890 3759 2017 3816 ‘the
2053 3761 2285 3833 peoples

275 3833 405 3887 who
429 3830 602 3887 dwelt
620 3830 846 3901 beyond
870 3831 971 3886 the
1006 3830 1055 3884 R
1097 3829 1194 3885 ine
1219 3833 1349 3885 sent
1374 3846 1577 3901 envoys
1605 3870 1619 3885 .
1646 3871 1660 3885 .
1686 3875 1699 3889 .
1725 3830 2047 3904 promising
2069 3835 2130 3888 to
2153 3832 2283 3905 give

276 3902 595 3974 hostages’‚
628 3902 743 3958 and
785 3902 932 3966 that,
968 3901 1148 3972 being
1185 3899 1425 3957 anxious
1463 3905 1525 3957 to
1565 3917 1637 3973 go
1676 3902 1823 3958 back
1862 3906 1921 3959 to
1960 3903 2129 3973 Italy,
2176 3911 2189 3932 ‘
2212 3905 2284 3960 he
2337 3906 2344 3913 '

276 3974 513 4030 ordered
549 3974 649 4030 the
687 3991 901 4044 envoys
937 3976 1000 4029 to
1035 3977 1229 4029 return
1262 3976 1327 4028 to
1357 3973 1479 4028 him
1511 3977 1573 4029 at
1606 3974 1706 4030 the
1737 3973 2058 4045 beginning
2095 3974 2160 4029 of
2185 3975 2287 4030 the

277 4044 580 4117 following
627 4046 909 4101 summer.'
1004 4045 1173 4099 From
1220 4045 1323 4100 the
1364 4061 1601 4115 passage
1645 4045 1837 4101 before
1891 4063 1954 4099 us
1997 4045 2045 4101 it
2085 4045 2288 4101 should

275 4134 427 4173 seem
453 4117 584 4173 that
607 4116 690 4172 all
713 4120 917 4187 except
940 4117 1040 4174 the
1067 4115 1204 4173 Ubii
1228 4115 1534 4185 disobeyed
1557 4117 1656 4172 the
1681 4118 1863 4172 order.

423 4192 492 4244 od
518 4228 531 4243 .
562 4229 574 4243 .
602 4230 615 4244 .
632 4196 1028 4258 premerentur.
1102 4188 1204 4243 See
1228 4188 1329 4243 the
1354 4188 1562 4244 second
1586 4192 1722 4244 note
1747 4206 1822 4244 on
1852 4187 1936 4253 13,
1962 4186 1991 4260 ξ
2017 4190 2068 4243 5.

348 4208 458 4332 guli.
492 4258 635 4331 (ad)
664 4261 962 4317 auxilium.
1022 4259 1089 4314 R.
1117 4259 1310 4330 Lange
1335 4259 1401 4326 is,
1439 4261 1464 4314 I
1490 4259 1627 4315 dare
1652 4278 1769 4330 say,
1799 4259 1956 4331 right
1981 4260 2039 4314 in
2068 4261 2290 4331 conjec-

278 4331 476 4402 turing
512 4332 644 4386 that
680 4329 881 4387 Caesar
903 4335 1078 4386 wrote
1111 4334 1186 4386 ad
1215 4349 1474 4401 praesens
1506 4334 1799 4398 auxilium,
1840 4332 1902 4386 in
1941 4334 2194 4388 contrast
2229 4337 2290 4388 to

280 4420 531 4475 spemque
554 4404 756 4474 reliqui
779 4406 1052 4473 temporis.
1122 4401 1208 4459 cf.
1233 4401 1325 4469 vii,
1357 4403 1440 4471 66,
1473 4401 1502 4475 ξ
1525 4405 1581 4458 4.
