3177 5166
823 282 1553 354 COMMENTARIUS
1600 282 1752 351 1111
2165 285 2295 347 169

285 448 470 514 milia
507 447 605 514 VI
646 452 1117 514 convenerunt.
1205 448 1357 528 Qua
1396 468 1467 512 re
1506 445 1836 525 nuntiata,
1869 445 2115 513 Caesar
2154 468 2293 511 om·
2438 453 2657 514 Morini,

285 575 435 618 nem
467 576 552 619 ex
580 552 818 619 castris
852 552 1225 639 equitatum
1256 550 1394 617 suis
1434 551 1689 617 auxilio
1724 550 1925 616 misit.
2012 551 2292 618 Interim
2323 576 2353 624 3
2437 519 2702 649 alama.

286 657 496 722 nostri
549 656 796 723 milites
848 656 1171 743 impetum
1232 656 1525 722 hostium
1578 655 2044 722 sustinuerunt
2093 663 2296 744 atque

288 761 573 850 amplius
618 762 798 827 horis
841 760 992 828 IIII
1032 760 1394 827 fortissime
1440 766 1916 849 pugnaverunt
1955 767 2024 828 et
2067 762 2297 850 paucis

228 885 259 933 5
290 865 676 931 vulneribus
693 865 981 953 acceptis
997 865 1365 953 complures
1388 886 1472 931 ex
1496 866 1579 930 iis
1597 864 2001 932 occiderunt.
2062 866 2299 933 Postea
2325 887 2354 934 4

291 993 449 1037 vero
474 992 671 1057 quam
696 970 1038 1058 equitatus
1065 975 1290 1036 noster
1312 970 1382 1035 in
1405 974 1830 1058 conspectum
1855 970 2059 1048 venit,
2078 971 2301 1037 hostes

287 1075 563 1142 abiectis
598 1075 802 1140 armis
841 1080 1034 1162 terga
1074 1078 1421 1141 verterunt
1457 1096 1869 1162 magnusque
1910 1098 2137 1142 eorum
2177 1098 2298 1141 nu-

288 1202 510 1247 merus
539 1184 640 1246 est
668 1181 935 1247 occisus.

378 1285 625 1353 Caesar
666 1287 933 1372 postero
983 1282 1092 1350 die
1137 1283 1207 1351 T.
1254 1282 1622 1350 Labienum
1674 1285 1970 1371 legatum
2021 1306 2172 1351 cum
2219 1285 2303 1350 iis
2329 1301 2426 1357 38
2445 1297 2676 1349 Punish-

196 1409 263 1457 10
289 1389 666 1478 legionibus
717 1410 884 1476 quas
935 1410 1019 1455 ex
1075 1388 1429 1454 Britannia
1474 1388 1837 1456 reduxerat
1888 1389 1960 1455 in
2006 1389 2303 1456 Morinos
2445 1365 2753 1480 ffl‘jfflglfini

289 1495 405 1582 qui
465 1492 892 1560 rebellionem
953 1493 1252 1560 fecerant
1321 1493 1520 1561 misit.
1615 1494 1748 1576 Qui
1817 1514 1968 1561 cum
2027 1499 2304 1581 propter
2329 1516 2358 1563 2
2445 1496 2556 1547 and
2650 1563 2682 1575 ,,

288 1600 624 1668 siccitates
674 1597 997 1686 paludum
1050 1619 1182 1685 quo
1234 1620 1305 1664 se
1356 1597 1728 1686 reciperent
1778 1620 1915 1664 non
1962 1598 2305 1676 haberent,
2446 1564 2718 1680 anag-1:

291 1728 425 1794 quo
464 1703 774 1793 perfugio
815 1704 1150 1791 superiore
1191 1724 1367 1768 anno
1398 1708 1593 1769 erant
1631 1703 1757 1785 usi,
1786 1724 2015 1769 omnes
2051 1702 2192 1768 fere
2232 1702 2303 1769 in
2447 1697 2635 1775 δίνῑῐὲὅ
2710 1763 2735 1810 t

292 1813 692 1899 potestatem
766 1807 1042 1874 Labieni
1118 1812 1461 1875 venerunt.
1552 1806 1650 1873 At
1713 1809 1792 1891 Q.
1854 1807 2158 1874 Titurius
2236 1811 2306 1873 et
2333 1830 2362 1879 3
2448 1778 2654 1879 ῗξέἶῇιέῗ
2676 1777 2707 1811 a

198 1929 265 1980 15
294 1917 369 1981 L.
424 1914 626 1980 Cotta
685 1913 908 2000 legati,
952 1911 1066 1999 qui
1126 1912 1198 1976 in
1258 1912 1718 2000 Menapiorum
1778 1914 1946 1979 fines
2013 1911 2306 2001 legiones

293 2020 646 2095 duxerant,
698 2017 1008 2083 omnibus
1065 2039 1292 2084 eorum
1352 2018 1530 2106 agris
1591 2018 1894 2098 vastatis,
1949 2017 2308 2084 frumentis

294 2123 586 2206 succisis,
614 2121 935 2190 aedificiis
975 2121 1280 2203 incensiS,
1311 2123 1488 2209 quod
1531 2123 1819 2211 Menapii
1861 2145 1931 2189 se
1969 2145 2198 2189 omnes
2238 2122 2310 2186 in

295 2227 723 2294 densissimas
774 2227 979 2293 silvas
1027 2227 1444 2305 abdiderant,
1483 2249 1554 2293 se
1598 2228 1682 2293 ad
1732 2226 2082 2295 Caesarem
2133 2249 2309 2294 rece-

297 2336 559 2419 perunt.
650 2331 898 2399 Caesar
937 2333 1007 2396 in
1045 2332 1270 2419 Belgis
1313 2332 1612 2397 omnium
1653 2331 1989 2420 legionum
2031 2331 2312 2398 hiberna
2339 2354 2365 2402 4

203 2459 273 2508 20
300 2436 671 2504 constituit.
764 2436 860 2502 Eo
918 2435 1090 2502 duae
1141 2436 1411 2502 omnino
1461 2437 1772 2503 civitates
1824 2459 1908 2504 ex
1961 2437 2315 2504 Britannia

298 2542 562 2609 obsides
618 2542 963 2623 miserunt,
1018 2541 1310 2628 reliquae
1371 2542 1827 2630 neglexerunt.
1918 2542 2047 2609 His
2118 2541 2315 2608 rebus
2341 2563 2370 2613 5

297 2647 508 2734 gestis
558 2669 643 2712 ex
695 2647 944 2713 litteris
996 2646 1301 2714 Caesaris
1351 2646 1608 2712 dierum
1657 2648 1784 2712 XX
1832 2648 2230 2735 supplicatio
2275 2669 2316 2712 a

296 2756 539 2817 senatu
580 2751 847 2818 decreta
885 2757 1004 2818 est.

854 2910 866 2924 ο
1136 2910 1151 2939 ε
1538 2906 1551 2919 ⁶
2007 2906 2021 2929 9

299 2924 624 3035 tum
646 2906 2319 3062 walgras-3333?{kiselmari’affl

303 3050 417 3112 (ch.
439 3049 534 3117 28)
561 3050 678 3106 and
704 3049 868 3109 those
885 3052 1013 3108 who
1038 3052 1154 3108 had
1178 3050 1537 3123 presumably
1556 3051 1705 3107 been
1730 3050 1841 3107 left
1859 3050 2001 3107 wath
2030 3049 2319 3120 Sulpmms

299 3122 414 3188 (22,
442 3119 471 3192 ξ
500 3124 575 3187 6).
648 3121 769 3178 The
815 3126 931 3180 rest
971 3129 1124 3180 must
1166 3124 1306 3179 have
1340 3124 1483 3180 been
1518 3122 1784 3194 assigned
1820 3126 1883 3179 to
1921 3121 2168 3178 Sabinus
2201 3122 2317 3178 and

298 3194 477 3248 Cotta
504 3193 614 3264 (22,
644 3192 674 3266 ξ
702 3194 756 3263 5,
781 3194 923 3250 with
949 3194 1135 3251 which
1161 3194 1234 3252 cf.
1263 3196 1350 3265 12,
1377 3192 1407 3267 ξ
1436 3195 1511 3265 1).
2187 3200 2191 3205 ’
