3177 5166
754 314 1484 383 COMMENTARIUS
1532 316 1707 382 VIII
2106 311 2237 383 369

222 502 299 546 ac
350 480 617 546 duriore
669 483 900 565 postea
946 477 1328 544 condicione
1378 500 1528 544 cum
1581 482 1727 545 toto
1772 479 2069 546 exercitu
2123 478 2233 544 de-

221 589 475 650 certare
515 588 947 672 cogerentur;
996 583 1053 649 si
1084 583 1366 648 maiores
1395 583 1619 670 copias
1650 583 2025 664 adduceret,
2055 584 2127 648 in
2159 606 2235 650 eo
2263 598 2290 653 7

223 690 366 756 loco
410 710 796 775 permanere
828 709 1023 774 quem
1064 686 1482 775 delegissent,
1513 688 1943 775 pabulatione
1992 693 2236 770 autem,

222 817 392 880 quae
436 799 711 881 propter
753 792 912 857 anni
958 795 1222 878 tempus
1272 814 1422 858 cum
1472 791 1718 880 exigua
1762 797 1907 858 tum
1959 792 2238 858 disiecta

155 919 191 968 5
222 903 418 978 esset,
448 902 517 965 et
557 896 1080 963 frumentatione
1121 901 1190 964 et
1235 896 1490 983 reliquo
1529 903 1902 964 commeatu
1945 920 2029 963 ex
2069 898 2233 963 insi·

220 1005 353 1070 diis
383 1003 733 1091 prohibere
766 1002 1114 1069 Romanos.

311 1110 497 1190 Quae
535 1107 782 1175 Caesar
820 1106 1385 1174 consentientibus
1428 1107 1733 1193 pluribus
1772 1130 1922 1175 cum
1963 1130 2233 1197 cognos-
2262 1118 2307 1175 8

221 1219 325 1280 set
369 1221 570 1301 atque
616 1234 694 1279 ea
739 1234 908 1298 quae
953 1215 1483 1300 proponerentur
1520 1212 1798 1278 consilia
1836 1213 2034 1300 plena
2077 1235 2232 1301 pru·

221 1319 488 1385 dentiae
547 1319 871 1405 longeque
929 1338 972 1380 a
1028 1315 1407 1382 temeritate
1476 1316 1909 1382 barbarorum
1980 1323 2235 1384 remota

118 1445 192 1492 10
221 1446 363 1490 esse
422 1423 766 1498 iudicaret,
813 1419 1121 1488 omnibus
1181 1421 1379 1487 rebus
1435 1421 1935 1488 inserviendum
1993 1423 2235 1489 statuit

220 1550 353 1614 quo
383 1528 660 1594 celerius
689 1526 915 1592 hostes
944 1529 1325 1612 contempta
1360 1547 1482 1591 sua
1517 1527 1855 1613 paucitate
1891 1528 2236 1615 prodirent

219 1634 291 1698 in
314 1633 540 1699 aciem.
615 1630 993 1717 Singularis
1024 1629 1200 1695 enim
1224 1630 1500 1696 virtutis
1523 1632 1915 1698 veterrimas
1944 1631 2232 1719 legiones
2259 1645 2288 1693 ⁶2.

220 1737 394 1814 VII„
425 1735 893 1814 V111.‚V1111.
936 1734 1242 1813 habebat,
1282 1756 1578 1802 summae
1626 1736 1766 1824 spei
1813 1736 2234 1822 delectaeque

221 1842 594 1908 iuventutis
639 1841 782 1921 XL,
813 1862 983 1926 quae
1027 1844 1264 1907 octavo
1315 1841 1449 1906 iam
1501 1842 1836 1929 stipendio
1883 1847 2107 1910 tamen
2161 1843 2232 1908 in

120 1969 190 2017 15
218 1946 592 2014 conlatione
636 1946 1043 2032 reliquarum
1088 1946 1383 2011 nondum
1429 1948 1703 2013 eandem
1753 1947 2109 2014 vetustatis
2158 1969 2234 2014 ac

220 2051 496 2118 virtutis
532 2054 796 2138 ceperat
824 2049 1219 2135 opinionem.
1311 2051 1547 2139 Itaque
1576 2051 1852 2118 consilio
1892 2052 2233 2130 advocatO,
2259 2078 2290 2126 3

221 2158 419 2222 rebus
448 2156 531 2221 iis
562 2179 731 2243 quae
760 2155 846 2220 ad
886 2177 956 2221 se
987 2159 1209 2221 essent
1249 2155 1508 2223 delatae
1544 2157 1856 2224 omnibus
1894 2159 2232 2245 expositiS‚

220 2261 476 2327 animos
507 2259 962 2326 multitudinis
990 2262 1355 2327 confirmat.
1448 2261 1522 2328 Si
1554 2261 1729 2327 forte
1769 2261 1990 2328 hostes
2026 2263 2231 2329 trium

219 2366 554 2453 legionum
627 2387 904 2431 numero
980 2350 1202 2452 posset
1280 2365 1511 2432 elicere
1595 2366 1681 2431 ad
1764 2365 2232 2445 dimicandum,

117 2496 190 2542 20
218 2471 504 2560 agminis
545 2471 844 2537 ordinem
875 2471 975 2536 ita
1003 2469 1356 2538 constituit
1384 2475 1464 2536 ut
1493 2471 1786 2558 legiones
1814 2470 1989 2555 VIL,
2018 2471 2232 2549 VIII„

227 2575 448 2642 VIIII.
482 2580 640 2643 ante
676 2575 900 2642 omnia
934 2575 1112 2642 irent
1141 2575 1634 2663 impedimenta,
1665 2574 1904 2642 deinde
1934 2575 2230 2644 omnium

217 2680 840 2769 impedimentorum
894 2702 1152 2768 agmen,
1189 2680 1365 2766 quod
1418 2685 1643 2746 tamen
1695 2684 1843 2746 erat
1885 2681 2229 2760 mediocre,

217 2792 298 2851 ut
347 2786 420 2850 in
472 2784 1006 2872 expeditionibus
1054 2806 1195 2850 esse
1241 2783 1606 2862 consuevit,
1651 2788 1915 2872 cogeret
1959 2784 2100 2863 XL,
2146 2807 2231 2852 ne

218 2889 488 2956 maioris
531 2888 986 2955 multitudinis
1028 2888 1276 2976 species
1320 2888 1616 2954 accidere
1660 2888 1964 2955 hostibus
2012 2893 2232 2975 posset

118 3019 186 3068 25
219 3018 419 3082 quam
444 2994 570 3081 ipsi
602 2992 1153 3082 depoposcissent.
1220 2993 1367 3059 Hac
1390 2991 1649 3058 ratione
1672 3014 1882 3079 paene
1905 2994 2231 3079 quadrato
2258 3011 2286 3059 4

216 3100 482 3187 agmine
555 3099 899 3176 instructO,
956 3098 1028 3162 in
1101 3102 1524 3186 conspectum
1601 3098 1892 3165 hostium
1958 3098 2231 3164 celerius

216 3204 526 3291 opinione
571 3226 799 3270 eorum
845 3203 1206 3269 exercitum
1253 3202 1545 3269 adducit.

305 3307 476 3375 Cum
530 3312 801 3394 repente
848 3308 1212 3374 instructas
1257 3306 1443 3373 velut
1487 3307 1559 3371 in
1606 3305 1745 3372 acie
1794 3312 1974 3373 certo
2017 3307 2231 3394 gradu
2259 3323 2304 3379 9

216 3413 511 3500 legiones
570 3413 875 3480 accedere
936 3412 1113 3478 Galli
1173 3410 1494 3493 viderent,
1547 3433 1829 3498 quorum
1891 3415 2082 3478 erant
2145 3413 2231 3477 ad

120 3535 187 3582 30
216 3518 568 3584 Caesarem
616 3517 814 3603 plena
859 3517 1136 3583 fiduciae
1189 3515 1464 3583 consilia
1514 3516 1788 3604 perlata,
1833 3516 1975 3581 sive
2018 3520 2232 3582 certa-

214 3622 415 3688 minis
460 3620 750 3707 periculo
789 3621 930 3687 sive
975 3620 1198 3687 subito
1242 3621 1541 3687 adventu
1585 3620 1727 3687 sive
1769 3621 2229 3707 expectatione

286 3816 350 3877 8,
376 3809 485 3884 §2.
520 3813 649 3880 spei.
724 3808 827 3866 See
859 3808 958 3866 the
984 3811 1121 3864 note
1148 3825 1222 3864 on
1248 3806 1340 3875 vii,
1370 3808 1455 3875 63,
1484 3807 1597 3880 §9.

286 3880 394 3955 §3.
431 3901 608 3964 quae.
683 3884 949 3937 ..delatae
1026 3879 1128 3936 See
1168 3880 1268 3936 the
1306 3882 1440 3937 note
1476 3897 1552 3937 on
1592 3880 1628 3944 i.
1666 3881 1715 3947 3,
1755 3879 1862 3952 §L
1908 3880 2056 3937 The
2102 3881 2227 3937 sub·

207 3973 273 4081 ‚iau
238 3954 467 4010 unctive
494 3953 544 4008 is
568 3923 706 4010 used
730 3953 972 4010 because
1001 3952 1099 4008 the
1125 3950 1398 4023 meaning
1424 3950 1471 4005 is
1491 3922 1725 4022 ‘which,
1745 3971 1809 4007 as
1830 3954 1895 4007 he
1918 3971 2034 4022 exp
2024 3956 2224 4020 'ained‚

257 4026 330 4082 ad
354 4026 496 4082 been
522 4025 783 4095 reported
809 4027 871 4080 to
897 4023 1071 4080 him'.

286 4100 717 4167 expeditionibus
739 4097 874 4153 does
899 4099 1000 4152 not
1024 4113 1192 4153 mean
1217 4093 1659 4165 ‘expeditions’,
1690 4094 1842 4151 but
1825 4113 1872 4150 is
1899 4093 2227 4166 equivalent

211 4172 274 4225 to
302 4172 589 4224 itineribus
612 4188 645 4223 α
672 4170 935 4223 militibus
956 4170 1221 4239 εεῳεᾶἰίίε
1242 4170 1514 4237 susceptis.

287 4240 316 4313 ξ
342 4242 394 4296 4.
469 4260 599 4297 aene
623 4244 891 4313 quadrato
915 4244 1146 4310 agmine.
1203 4239 1249 4293 A
1264 4243 1595 4322 quadratum
1617 4256 1808 4308 aqmen
1828 4256 1943 4294 was
1961 4255 1997 4294 a
2015 4238 2225 4295 hollow

214 4312 431 4385 paralle
457 4330 673 4396 ogram²
682 4312 911 4397 formed
936 4312 1011 4382 by
1030 4316 1242 4383 troopS,
1258 4309 1460 4366 within
1484 4309 1672 4365 which
1697 4311 1798 4368 the
1820 4312 2086 4383 baggage
2112 4328 2225 4367 was

214 4384 435 4458 placed.
508 4385 594 4442 cf.
621 4355 717 4451 vii,
745 4385 830 4451 67,
860 4383 1060 4458 §3(c.
1084 4386 1168 4448 G„
1195 4401 1249 4453 p.
1278 4381 1422 4452 728).

316 4507 420 4543 10⁶⁹·
410 4510 448 4544 ·s
1160 4489 1203 4536 B
1234 4471 1278 4536 b
