3177 5166
781 311 1513 379 COMMENTARIUS
1567 314 1734 379 VIII
2141 310 2270 376 387

256 477 467 555 sisset,
509 476 596 541 ab
641 475 1190 563 exploratoribus,
1233 497 1396 563 quos
1449 477 1899 563 praemiserat,
1940 475 2274 564 cognoscit

257 584 477 646 castra
541 601 787 658 eorum,
843 586 920 645 ut
979 580 1411 646 barbarorum
1474 580 1613 646 fere
1681 581 2086 648 consuetudo
2154 584 2273 659 est,

258 685 505 751 relictis
527 684 688 752 locis
710 686 1161 773 superioribus
1183 686 1268 751 ad
1291 685 1469 773 ripas
1500 708 1639 752 esse
1661 686 1953 752 fluminis
1975 686 2275 763 demissa,

259 790 346 855 ad
399 812 477 855 ea
529 791 895 856 Germanos
948 790 1333 876 equitesque
1383 791 1920 879 imprudentibus
1971 791 2275 856 omnibus

200 917 231 966 6
260 896 342 961 de
372 895 736 981 improviso
773 894 1119 960 advolasse
1149 894 1605 981 proeliumque
1634 895 2048 963 commisisse.
2128 895 2277 976 Qua
2303 916 2330 964 4

258 1024 331 1067 re
375 1000 642 1088 cognita
677 999 1005 1087 legionem
1047 1003 1372 1064 armatam
1420 999 1945 1086 instructamque
1985 999 2275 1066 adducit.

261 1106 369 1171 Ita
399 1108 672 1193 repente
703 1104 1013 1170 omnibus
1044 1126 1127 1169 ex
1158 1104 1462 1192 partibus
1503 1105 1695 1193 signo
1727 1104 1885 1170 dato
1916 1104 2057 1171 loca
2086 1126 2276 1191 supe-

260 1210 442 1275 riora
485 1210 858 1297 capiuntur.
946 1208 1138 1289 Quod
1185 1208 1301 1273 ubi
1349 1209 1607 1285 accidit,
1640 1209 1952 1275 Germani
1993 1208 2276 1295 equites-

262 1337 389 1401 que
435 1314 643 1402 signis
688 1313 968 1401 legionis
1016 1313 1176 1378 visis
1222 1313 1796 1379 vehementissime
1847 1313 2275 1401 proeliantur.

166 1431 233 1479 10
262 1418 634 1486 Confestim
656 1418 958 1484 cohortes
989 1417 1282 1503 undique
1311 1417 1636 1506 impetum
1660 1411 1920 1484 faciunt
1940 1418 2272 1484 omnibus·
2300 1424 2330 1473 5

262 1546 392 1611 que
436 1528 556 1589 aut
600 1522 973 1589 interfectis
1017 1527 1137 1588 aut
1181 1523 1393 1610 captis
1433 1545 1676 1611 magna
1720 1523 1966 1611 praeda
2010 1523 2277 1610 potiun-

261 1634 395 1698 tur.
487 1627 773 1715 Capitur
806 1628 948 1715 ipse
987 1649 1063 1693 eo
1095 1627 1346 1714 proelio
1376 1627 1696 1715 Drappes,

352 1732 674 1800 Caninius
706 1732 1083 1798 felicissime
1122 1754 1193 1798 re
1223 1736 1414 1819 gesta
1454 1732 1597 1798 sine
1626 1732 1766 1798 ullo
1802 1754 2009 1820 paene
2046 1732 2279 1799 militis
2307 1734 2400 1793 3⁸7

266 1839 541 1905 vulnere
573 1836 657 1901 ad
682 1836 1077 1903 obsidendos
1106 1835 1470 1923 oppidanos
1494 1836 1855 1901 revertitur
1877 1841 2278 1923 externoque
2304 1851 2333 1898 2

170 1960 235 2009 15
266 1943 455 2008 hoste
495 1941 732 2022 delet0,
761 1941 948 2007 cuius
989 1941 1227 2006 timore
1263 1945 1462 2005 antea
1501 1940 1799 2006 dividere
1843 1941 2172 2028 praesidia
2211 1947 2278 2007 et

265 2045 635 2112 munitione
657 2045 1022 2134 oppidanos
1053 2045 1457 2111 circumdare
1489 2045 1864 2131 prohibitus
1894 2050 2054 2126 erat,
2078 2067 2278 2133 opera

264 2150 559 2236 undique
587 2150 873 2237 imperat
903 2149 1373 2216 administrari.
1463 2149 1666 2215 Venit
1695 2150 1919 2216 eodem
1949 2172 2097 2215 cum
2140 2149 2277 2214 suis
2304 2163 2333 2212 3

264 2254 469 2341 copiis
515 2259 780 2340 postero
824 2254 932 2319 die
973 2253 1045 2321 C.
1080 2254 1325 2319 Fabius
1368 2258 1758 2341 partemque
1802 2254 2027 2342 oppidi
2072 2254 2277 2320 sumit

267 2358 352 2423 ad
383 2358 835 2425 obsidendum.

172 2482 241 2530 20
356 2463 601 2529 Caesar
646 2463 917 2527 interim
963 2462 1054 2529 M.
1095 2462 1464 2527 Antonium
1517 2467 1934 2549 quaestorem
1978 2485 2127 2529 cum
2172 2485 2278 2529 co-
2305 2464 2401 2521 38
2422 2478 2659 2556 Gra-daal

268 2568 573 2636 hortibus
628 2567 751 2632 XV
804 2567 874 2633 in
930 2566 1297 2634 Bellovacis
1350 2566 1691 2654 relinquit,
1730 2591 1815 2634 ne
1868 2590 2000 2655 qua
2050 2590 2280 2633 rursus
2421 2545 2663 2609 paemen-

2423 2614 2540 2662 tion
2564 2613 2622 2660 of

268 2695 592 2739 novorum
647 2673 1091 2739 consiliorum
1164 2672 1635 2759 capiendorum
1704 2673 1926 2759 Belgis
1997 2672 2282 2738 facultas
2424 2678 2599 2729 Gaul:

270 2778 560 2843 daretur.
653 2776 807 2864 Ipse
852 2776 1140 2862 reliquas
1192 2776 1500 2842 civitates
1552 2776 1714 2855 adit,
1754 2776 2013 2842 obsides
2060 2776 2281 2863 plures
2306 2783 2336 2831 2
2424 2745 2706 2860 ξῗῗζῗιξζῃ

269 2884 572 2969 imperat,
605 2882 917 2947 timentes
953 2880 1250 2945 omnium
1291 2881 1546 2946 animos
1586 2881 2032 2947 consolatione
2071 2886 2279 2947 sanat.
2424 2881 2528 2926 ¹¹¹³·

175 3003 242 3054 25
271 2986 442 3053 Cum
487 2987 559 3051 in
606 2985 937 3053 Carnutes
982 2984 1295 3064 venisset,
1331 3006 1611 3071 quorum
1657 2985 1727 3049 in
1773 2985 2047 3051 civitate
2091 3007 2280 3071 supe·
2308 2993 2337 3040 3

271 3090 444 3156 riore
489 3089 959 3155 commentario
996 3087 1238 3155 Caesar
1282 3090 1592 3176 exposuit
1628 3089 1897 3155 initium
1942 3089 2098 3154 belli
2144 3112 2283 3155 esse

271 3201 512 3272 ortum,
541 3194 718 3280 quod
764 3196 1111 3281 praecipue
1147 3216 1257 3260 eos
1301 3198 1572 3281 propter
1610 3194 2078 3261 conscientiam
2119 3194 2282 3261 facti

273 3301 507 3366 timere
546 3298 1143 3378 animadvertebat,
1176 3320 1306 3384 quo
1346 3299 1621 3366 celerius
1666 3298 2007 3365 civitatem
2046 3300 2282 3366 timore

273 3405 604 3482 liberaret,
659 3402 1023 3490 principem
1094 3403 1359 3468 sceleris
1435 3403 1614 3469 illius
1678 3408 1746 3469 et
1815 3405 2282 3471 concitatorem

182 3528 247 3576 30
274 3509 448 3587 belli,
494 3508 922 3585 Gutuatrum‚
967 3508 1052 3573 ad
1114 3508 1507 3595 supplicium
1563 3507 1873 3595 deposcit.
1966 3510 2095 3591 Qui
2158 3509 2281 3576 etsi
2309 3517 2336 3565 4

347 3678 452 3754 §3.
504 3683 578 3735 ad
612 3698 677 3735 ea
713 3696 825 3734 was
863 3678 1165 3750 suggested
1201 3678 1277 3749 by
1316 3677 1631 3734 Mommsen
1667 3676 1744 3750 (J.
1763 3681 1852 3746 B„
1882 3679 2040 3750 1894,
2067 3699 2123 3752 p.
2151 3680 2281 3753 213)

277 3752 498 3809 instead
523 3752 590 3807 of
609 3760 682 3819 at,
707 3750 896 3806 which
923 3752 969 3806 is
995 3750 1283 3822 pointless.

346 3827 449 3888 38,
476 3821 505 3895 ξ
531 3823 578 3879 3.
617 3825 826 3878 sceleris
849 3821 1389 3888 aliua-described
1413 3821 1474 3875 in
1500 3821 1593 3888 vii,
1623 3823 1673 3890 3,
1761 3823 1806 3877 1.

352 3899 688 3950 Gutuattum
740 3911 927 3950 comes
978 3894 1127 3950 from
1182 3895 1637 3960 &uenalem—the
1766 3893 1980 3949 tinized
2031 3894 2175 3949 form
2223 3896 2291 3951 of

276 3985 311 4023 a
337 3965 518 4022 Celtic
545 3966 716 4034 word,
739 3972 1043 4036 matuatms,
1061 3965 1250 4021 which
1276 3982 1469 4020 means
1496 3968 1561 4020 ‘a
1586 3965 1766 4036 priest
1783 3968 1811 4020 ’.
1882 3965 2134 4036 Perhaps
2159 3965 2284 4021 Hir-

277 4039 392 4094 tius
417 4037 661 4093 mistook
692 4038 738 4092 it
773 4038 861 4092 for
884 4055 920 4094 a
945 4054 1152 4109 proper
1184 4055 1385 4103 name;
1423 4037 1511 4092 sor
1543 4037 1664 4092 this
1690 4034 1973 4094 Gutuater
2005 4054 2118 4092 was
2152 4054 2281 4108 pro-

277 4109 449 4179 bably
474 4109 574 4165 the
601 4124 752 4164 same
778 4126 908 4163 man
937 4126 998 4164 as
1024 4108 1317 4179 Cotuatus,
1350 4108 1532 4165 whom
1556 4108 1766 4164 Caesar
1793 4108 2076 4164 mentions
2098 4109 2161 4164 in
2187 4109 2279 4177 vii,

277 4184 325 4248 3,
355 4178 384 4254 ξ
416 4182 460 4236 1.
541 4180 768 4236 Hirtius
792 4179 934 4235 calls
963 4179 1245 4236 Gutuater
1269 4183 1581 4251 principem
1615 4182 1830 4236 sceleris
1855 4181 2013 4235 illius
2036 4189 2084 4236 et
2108 4186 2282 4238 conci-

276 4261 503 4310 tatorem
544 4253 701 4308 belli:
739 4254 948 4307 sceleris
982 4254 1149 4318 illieae,
1189 4269 1250 4307 as
1287 4251 1386 4307 the
1429 4255 1666 4308 context
1704 4251 1903 4318 shows,
1948 4269 2142 4308 means
2183 4254 2282 4309 the

278 4341 558 4381 massacre
584 4328 646 4380 at
671 4323 960 4381 Cenabum
995 4322 1111 4394 (vii,
1140 4324 1189 4388 3,
1219 4322 1248 4396 ξ
1279 4324 1351 4392 1),
1377 4322 1564 4379 which
1588 4341 1705 4379 was
1729 4323 1829 4380 the
1855 4324 1978 4381 first
2011 4325 2282 4382 recorded

279 4399 448 4454 event
473 4396 534 4452 in
564 4396 663 4453 the
688 4394 991 4468 campaign
1021 4395 1189 4469 (belli)
1213 4394 1276 4451 of
1305 4395 1375 4450 52
1401 4409 1512 4452 Ec.
1533 4416 1550 4464 3
1587 4395 1700 4451 and
1726 4394 2000 4454 Cotuatus
2033 4414 2145 4454 was
2174 4415 2281 4455 one

1192 4483 1368 4549 002
