3177 5166
946 308 1074 372 372
1512 304 1634 371 DE
1680 303 1968 370 BELLO
2014 300 2409 372 GALLICO

890 483 921 531 2
949 470 1107 536 locis
1143 468 1419 534 insidias
1458 467 1826 554 disponunt
1866 463 2226 551 eodemque
2262 465 2518 551 equites
2553 469 2841 552 postero
2881 464 3002 529 die

949 573 1255 657 mittunt,
1284 572 1398 659 qui
1429 572 1720 659 primum
1760 568 2075 636 elicerent
2110 575 2391 649 nostros,
2418 569 2658 636 deinde
2687 569 3000 638 circum·

896 697 926 745 3
951 683 1187 745 ventos
1217 676 1757 765 adgrederentur.
1849 672 2058 740 Cuius
2086 673 2247 739 mali
2284 696 2426 740 sors
2454 674 2696 742 incidit
2725 674 2996 752 Remis,

952 783 1194 870 quibus
1223 782 1334 847 ille
1357 781 1500 847 dies
1521 779 1849 868 fungendi
1880 778 2175 845 muneris
2203 779 2583 846 obvenerat.
2659 779 2992 867 Namque

952 888 1044 967 hi,
1075 909 1225 954 cum
1267 891 1538 974 repente
1582 884 1877 952 hostium
1918 883 2175 970 equites
2218 883 2871 951 animadvertissent
2911 907 2990 951 ac
3011 907 3040 955 5

952 1014 1230 1058 numero
1282 991 1653 1079 superiores
1713 990 2119 1077 paucitatem
2169 990 2745 1077 contempsissent,
2791 991 2987 1077 cupi-

953 1097 1102 1162 dius
1151 1097 1436 1163 insecuti
1495 1118 1535 1160 a
1595 1094 1933 1182 peditibus
1991 1093 2285 1181 undique
2343 1098 2505 1160 sunt
2555 1093 2986 1160 circumdati.

896 1208 924 1256 4
954 1202 1103 1282 Quo
1142 1200 1324 1269 facto
1367 1199 1744 1287 perturbati
1791 1197 2068 1265 celerius
2120 1218 2318 1284 quam
2371 1200 2789 1265 consuetudo
2845 1199 2990 1265 fert

954 1306 1277 1393 equestris
1293 1305 1546 1393 proelii,
1566 1327 1638 1370 se
1657 1307 2047 1391 receperunt
2069 1302 2312 1369 amisso
2329 1303 2646 1381 Vertisco,
2670 1304 2989 1392 principe

897 1421 926 1470 5
953 1410 1266 1491 civitatis,
1292 1409 1634 1498 praefecto
1657 1409 1956 1495 equitum
1979 1430 1993 1488 ;
2035 1407 2152 1495 qui
2182 1430 2331 1474 cum
2355 1409 2475 1473 vix
2498 1431 2670 1496 equo
2696 1415 2991 1498 propter
3014 1431 3067 1477 10

953 1520 1242 1582 aetatem
1313 1520 1537 1602 posset
1609 1514 1732 1592 uti,
1786 1518 2012 1579 tamen
2079 1513 2555 1579 consuetudine
2622 1514 2988 1581 Gallorum

954 1643 1166 1709 neque
1209 1618 1451 1687 aetatis
1486 1618 1915 1686 excusatione
1960 1618 2031 1682 in
2084 1617 2505 1703 suscipienda
2545 1619 2990 1705 praefectura

899 1738 928 1784 6
955 1748 1113 1792 usus
1155 1729 1300 1791 erat
1338 1746 1552 1810 neque
1595 1721 1898 1788 dimicari
1935 1720 2076 1788 sine
2117 1743 2188 1787 se
2223 1722 2544 1794 voluerat.
2633 1723 2992 1789 Inflantur

954 1835 1156 1916 atque
1223 1828 1592 1895 incitantur
1666 1825 1957 1893 hostium
2041 1825 2246 1891 animi
2332 1828 2619 1895 secundo
2699 1829 2990 1915 proeli0,

901 1948 928 2001 7
955 1934 1253 2022 principe
1301 1940 1370 2000 et
1421 1932 1762 2020 praefecto
1808 1931 2162 1998 Remorum
2216 1931 2587 2011 interfectO,
2627 1936 2988 2022 nostrique
3013 1952 3066 1999 15

956 2041 1358 2106 detrimento
1424 2037 1869 2103 admonentur
1938 2036 2327 2125 diligentius
2385 2037 2754 2125 exploratis
2819 2040 2990 2107 locis

956 2145 1279 2210 stationes
1330 2143 1679 2228 disponere
1731 2163 1807 2208 ac
1860 2141 2268 2208 moderatius
2322 2143 2664 2210 cedentem
2709 2144 2986 2232 insequi

956 2251 1236 2315 hostem.

838 2361 931 2417 13
1046 2354 1202 2420 Non
1241 2352 1704 2418 intermittunt
1743 2351 2011 2417 interim
2057 2350 2391 2417 cotidiana
2423 2352 2674 2439 proelia
2709 2353 2783 2419 in
2817 2377 2984 2422 oon-

958 2458 1186 2543 spectu
1239 2458 1675 2539 utrorumque
1727 2456 2111 2528 castrorum,
2163 2474 2332 2540 quae
2391 2454 2478 2519 ad
2531 2453 2705 2519 vada
2754 2461 2985 2523 trans·
3011 2476 3066 2523 20

902 2572 932 2620 2
961 2562 1224 2648 itusque
1273 2559 1528 2625 fiebant
1576 2556 1857 2645 paludis.
1964 2557 2115 2638 Qua
2166 2559 2591 2626 contentione
2636 2559 2985 2641 Germani,

960 2688 1125 2753 quos
1208 2668 1559 2751 propterea
1633 2661 1882 2729 Caesar
1956 2662 2432 2730 transduxerat
2508 2663 2816 2731 Rhenum
2908 2675 2987 2732 ut

961 2769 1295 2857 equitibus
1355 2766 1737 2854 interpositi
1795 2765 2298 2853 proeliarentur,
2343 2789 2493 2834 cum
2555 2771 2986 2836 constantius

962 2872 1256 2941 universi
1303 2871 1615 2960 paludem
1663 2870 2061 2937 transissent
2106 2870 2466 2958 paucisque
2511 2873 2985 2941 resistentibus

963 2977 1335 3045 interfectis
1376 2976 1785 3064 pertinacius
1837 2975 2160 3062 reliquam
2210 2975 2708 3043 multitudinem
2755 2985 2984 3045 essent
3009 3002 3067 3048 ⁶25
3107 3014 3108 3019 1

962 3081 1262 3160 insecuti,
1306 3080 1649 3168 perterriti
1710 3103 1844 3146 non
1904 3078 2117 3146 solum
2171 3079 2219 3144 ii
2269 3079 2383 3166 qui
2438 3086 2558 3148 aut
2605 3082 2980 3149 comminus

924 3199 927 3202 ”
964 3186 1512 3275 opprimebantur
1556 3189 1677 3251 aut
1724 3184 1986 3250 eminus
2033 3183 2559 3252 vulnerabantur
2601 3185 2715 3252 sed
2769 3187 2974 3252 etiam

967 3292 1081 3380 qui
1150 3290 1417 3378 longius
1485 3289 1842 3356 subsidiari
1902 3293 2400 3368 consueverant,
2448 3290 2736 3378 turpiter
2797 3292 2973 3358 refu-

963 3454 1061 3524 vii,
1087 3455 1173 3523 69,
1201 3452 1231 3527 ξ
1258 3454 1316 3523 7)
1341 3471 1537 3509 means
1564 3455 1577 3480 ‘
1593 3451 1822 3525 piquets
1839 3452 1852 3474 '
1898 3452 2033 3509 here
2058 3470 2258 3509 means
2279 3454 2380 3510 the
2405 3453 2680 3525 positione
2702 3454 2974 3526 occupied

965 3527 1042 3598 by
1064 3526 1166 3582 the
1193 3525 1438 3596 piquetS.
1507 3524 1594 3580 Of.
1620 3524 1691 3591 iv,
1719 3525 1809 3593 32,
1895 3526 1965 3591 23
2002 3522 2074 3592 vi,
2100 3525 2190 3592 42,
2222 3523 2253 3598 ξ
2282 3527 2345 3591 1;
2382 3525 2495 3581 and
2524 3526 2608 3591 15,
2634 3523 2665 3598 ξ
2692 3526 2740 3594 3,
2769 3529 2942 3598 infru.

1039 3596 1069 3670 ξ
1093 3599 1147 3653 4.
1192 3599 1427 3685 {ferti-sco
1451 3636 1465 3653 .
1496 3640 1514 3683 ⁸.
1538 3639 1552 3654 .
1578 3600 1838 3668 equitem·-
1911 3596 2014 3653 See
2038 3597 2138 3698 th‘e
2164 3600 2300 3655 note
2326 3615 2402 3654 on
2425 3597 2463 3663 i,
2492 3597 2575 3680 15ξ
2605 3595 2634 3671 ξ
2661 3599 2711 3653 1.
2933 3673 2946 3684 ·

968 3689 1127 3798 a&
1134 3670 1857 3797 '210‘1322'1‘153‘225333032
1878 3685 2063 3805 3⁶33,
2085 3666 2226 3813 ⁶3¹1}
2244 3670 2974 3813 {ffssdtf‘ffj‘sstassfssx

1032 3812 1072 4011 Ξ
1099 3813 1148 3869 5.
1189 3815 1385 3868 aetatis
1408 3814 1766 3869 excusatione.
1842 3812 1945 3868 Sec
1969 3811 2069 3868 the
2094 3816 2232 3869 note
2257 3829 2332 3869 on
2358 3813 2563 3880 Praef„
2590 3811 2621 3886 ξ
2650 3813 2699 3868 1.
2772 3884 2785 3897 ⁸

1099 3885 1146 3940 7.
1194 3887 1574 3940 admonentur.
1670 3883 1878 3941 Caesar
1923 3883 2059 3941 does
2106 3887 2209 3940 not
2258 3902 2355 3942 use
2407 3888 2663 3941 admoneo
2711 3885 2855 3942 nuth
2903 3905 2975 3942 an

969 3956 1029 4013 in
1073 3954 1271 4025 nitive,
1307 3954 1413 4012 but
1450 3956 1553 4012 the
1593 3954 1988 4012 construction
2028 3972 2228 4012 occurs
2266 3955 2330 4011 in
2376 3956 2591 4025 Cicero,
2630 3957 2738 4014 Ρη)
2778 3958 2974 4025 Cadio,

972 4025 1274 4183 Μὶξῗξὶ.
1312 4101 1680 4154 intermittunt
1699 4098 1747 4154 is
1772 4097 2152 4166 intransitive,
2173 4098 2274 4155 the
2299 4099 2519 4171 subject
2552 4097 2731 4171 being
2747 4104 2974 4171 proelia.

971 4169 1292 4315 Οεξιρἒῗιίξ
1318 4172 1374 4298 .5.
1394 4244 1820 4313 proeliarentur.
1896 4240 1979 4297 cf.
2008 4241 2048 4310 i,
2072 4242 2161 4309 48,
2191 4239 2254 4316 §§
2278 4243 2403 4298 4-7.

1043 4317 1140 4385 qui
1165 4355 1178 4369 .
1214 4354 1227 4369 .
1257 4357 1271 4371 .
1296 4322 1690 4370 consueverant.
1763 4317 2008 4384 Lonyius
2047 4330 2241 4370 means
2280 4317 2374 4369 ‘at
2410 4331 2447 4369 a
2481 4312 2775 4370 distancc'
2813 4317 2976 4386 (from

972 4385 1073 4442 the
1097 4384 1478 4454 battle-field),
1503 4386 1622 4442 and
1642 4387 1948 4442 subsidiari
1971 4385 2021 4442 is
2045 4384 2371 4457 equivalent
2393 4389 2457 4442 to
2479 4386 2722 4442 subsidio
2746 4406 2871 4447 esse.
