3177 5166
904 362 1031 427 164
1459 360 1582 425 DE
1630 358 1915 425 BELLO
1959 357 2347 426 GALLICO

461 543 576 593 'rho
775 542 872 599 30
986 525 1244 605 Quibus
1267 525 1465 589 rebus
1494 523 1796 611 cognitis,
1819 523 2151 610 principes
2182 522 2589 601 Britanniae,
2612 521 2728 608 qui
2758 526 2914 608 post

464 610 692 740 3253}
717 676 773 724 to
897 630 1218 716 proelium
1249 629 1333 695 ad
1373 629 1725 695 Caesarem
1755 633 2222 709 convenerant,
2253 627 2429 692 inter
2456 650 2526 692 se
2559 626 2913 707 conlocuti,

466 757 648 821 ronow
683 807 695 819 ,
898 756 1048 801 cum
1079 738 1148 799 et
1178 734 1433 820 equites
1462 738 1530 799 et
1559 756 1766 800 naves
1796 737 1865 798 et
1897 733 2308 799 frumentum
2339 732 2656 798 Romanis
2686 731 2912 797 deesse

464 808 772 859 ¹¹⁰⁵⁶¹¹¹¹²¹⁶⁸‘
899 838 1364 925 intellegerent
1394 842 1462 903 et
1500 838 1908 926 paucitatem
1940 837 2230 903 militum
2261 859 2346 902 ex
2375 840 2742 903 castrorum
2773 835 2913 901 exi-

899 944 1160 1031 guitate
1194 948 1680 1029 cognoscerent,
1711 965 1879 1029 quae
1910 943 2033 1009 hoc
2063 946 2257 1008 erant
2292 942 2492 1008 etiam
2524 940 2914 1028 angustiora
2941 957 2970 1006 5

902 1048 1078 1134 quod
1129 1047 1270 1113 sine
1319 1047 1814 1134 impedimentis
1860 1046 2103 1115 Caesar
2153 1046 2445 1134 legiones
2497 1051 2911 1133 transporta-

845 1171 876 1219 2
905 1157 1110 1230 verat,
1150 1153 1479 1239 optimum
1525 1152 1711 1219 factu
1757 1175 1896 1218 esse
1943 1153 2283 1219 duxerunt
2326 1151 2678 1218 rebellione
2732 1150 2913 1217 faeta

905 1257 1242 1323 frumento
1286 1262 1792 1344 commeatuque
1838 1263 2098 1323 nostros
2140 1257 2490 1345 prohibere
2536 1261 2606 1322 et
2652 1278 2790 1322 rem
2841 1257 2913 1320 in

903 1363 1185 1427 hiemem
1209 1362 1586 1449 producere,
1608 1363 1784 1448 quod
1812 1362 1919 1427 his
1947 1362 2279 1448 superatis
2306 1366 2427 1427 aut
2455 1361 2676 1426 reditu
2707 1361 2916 1426 inter·

903 1466 1104 1532 clusis
1139 1466 1471 1531 neminem
1502 1470 1732 1553 postea
1761 1466 1918 1531 belli
1954 1465 2285 1531 inferendi
2315 1488 2514 1532 causa
2544 1467 2615 1530 in
2646 1465 2915 1530 Britan·
2944 1481 3007 1529 10

903 1572 1082 1635 niam
1122 1570 1564 1636 transiturum
1606 1570 2046 1637 confidebant.
2136 1569 2374 1657 Itaque
2415 1593 2645 1636 rursus
2687 1569 2916 1636 coniu-

906 1674 1163 1740 ratione
1218 1674 1400 1741 facta
1450 1674 1775 1761 paulatim
1828 1696 1913 1739 ex
1969 1675 2205 1741 castris
2259 1675 2591 1741 discedere
2642 1679 2711 1740 et
2761 1695 2916 1739 suos

905 1780 1075 1846 clam
1113 1802 1198 1846 ex
1233 1781 1414 1867 agris
1449 1780 1770 1846 deducere
1809 1786 2189 1867 coeperunt.

475 1908 669 1957 Caesar
784 1901 876 1957 31
994 1885 1089 1949 At
1122 1884 1382 1963 Caesar,
1413 1885 1538 1951 etsi
1579 1884 1874 1950 nondum
1916 1907 2142 1951 eorum
2183 1885 2458 1952 consilia
2495 1891 2913 1973 cognoverat,

476 1973 702 2089 ξιξξζὲῗί.
909 1992 1134 2053 tamen
1183 1992 1252 2054 et
1297 2010 1379 2053 ex
1426 1993 1674 2054 eventu
1725 1988 2000 2054 navium
2053 2011 2324 2055 suarum
2377 1995 2445 2056 et
2490 2012 2574 2055 ex
2619 2011 2696 2055 eo
2739 1989 2916 2075 quod
2946 2002 3011 2050 15

475 2107 565 2156 his
586 2105 752 2167 ships.
909 2092 1170 2158 obsides
1214 2092 1372 2158 dare
1421 2092 1918 2158 intermiserant
1972 2092 2112 2158 fore
2158 2093 2226 2159 id
2271 2095 2446 2180 quod
2491 2093 2733 2160 accidit
2775 2115 2916 2158 sus-

852 2214 882 2261 2
911 2196 1278 2285 picabatur.
1376 2196 1615 2282 Itaque
1682 2196 1768 2261 ad
1834 2220 2062 2264 onmes
2126 2220 2319 2264 casus
2382 2198 2679 2264 subsidia
2743 2220 2915 2264 com-

910 2300 1209 2387 parabat.
1298 2300 1476 2365 Nam
1540 2305 1611 2366 et
1668 2301 2079 2368 frumentum
2145 2325 2230 2368 ex
2295 2304 2474 2390 agris
2537 2303 2777 2370 cotidie
2845 2303 2917 2366 in

911 2411 1131 2470 castra
1172 2404 1557 2471 conferebat
1602 2411 1688 2483 et,
1728 2429 1897 2492 quae
1940 2407 2333 2495 gravissime
2377 2408 2683 2474 adflictae
2727 2411 2919 2473 erant

914 2530 1140 2587 naveS,
1197 2530 1423 2573 earum
1484 2511 1765 2576 materia
1827 2516 2028 2599 atque
2094 2534 2244 2578 aere
2312 2512 2397 2578 ad
2463 2511 2751 2601 reliquas
2819 2534 2917 2576 re-
2945 2527 3016 2575 20

914 2613 1230 2679 ficiendas
1272 2614 1592 2680 utebatur
1638 2620 1707 2681 et
1753 2638 1921 2701 quae
1966 2616 2052 2681 ad
2095 2640 2209 2684 eas
2257 2640 2362 2684 res
2405 2624 2597 2684 erant
2641 2618 2789 2684 usui
2836 2639 2917 2682 ex

860 2736 891 2784 8
916 2718 1285 2784 continenti
1332 2721 1732 2805 comportari
1787 2720 2076 2787 iubebat.
2166 2722 2421 2808 Itaque,
2466 2745 2616 2789 cum
2665 2743 2922 2787 summo

916 2822 1138 2888 studio
1217 2846 1258 2888 a
1339 2823 1666 2889 militibus
1744 2824 2347 2904 administraretur,
2422 2827 2560 2892 XII
2639 2826 2922 2892 navibus

919 3049 1236 3175 gohffinlz).t
1261 3048 1398 3177 dAony
1423 3068 1528 3106 one
1556 3069 1664 3107 can
1700 3068 1791 3108 see
1817 3054 1948 3108 that
1984 3072 2167 3127 neque,
2191 3057 2333 3126 quod
2369 3093 2384 3109 .
2414 3098 2426 3112 .
2455 3096 2469 3110 .
2499 3059 2779 3127 provisum
2806 3060 2924 3109 erat

1175 3140 1206 3176 o
1337 3161 1350 3174 .

991 3193 1099 3255 30,
1139 3189 1168 3264 ξ
1215 3193 1264 3248 1.
1315 3197 1433 3249 sine
1478 3198 1882 3264 impedimentis
1928 3198 2069 3251 need
2120 3201 2223 3254 not
2262 3199 2336 3254 be
2379 3198 2724 3254 understood
2765 3197 2922 3267 quite

921 3262 1191 3334 litei-ally.
1265 3263 1566 3321 Doubtless
1595 3266 1800 3323 Caesar
1832 3272 2025 3325 meant
2049 3270 2179 3325 that
2208 3269 2283 3326 he
2315 3269 2430 3325 had
2462 3272 2638 3326 taken
2668 3287 2745 3326 no
2766 3286 2924 3325 more

920 3334 1179 3406 baggage
1203 3335 1343 3391 than
1376 3355 1489 3393 was
1520 3338 1842 3409 absolutely
1866 3339 2301 3411 indispensable.
2376 3340 2486 3397 For
2516 3341 2577 3396 in
2601 3341 2692 3407 vii,
2723 3341 2808 3409 10,
2835 3339 2866 3413 ξ
2893 3340 2918 3395 1

923 3405 994 3460 he
1019 3424 1146 3488 says
1176 3406 1307 3463 that
1337 3409 1410 3463 he
1439 3408 1576 3465 ‘left
1607 3410 1710 3467 the
1746 3410 1926 3481 heavy
1952 3411 2211 3484 baggage
2247 3413 2311 3469 of
2337 3412 2436 3468 tbe
2462 3412 2644 3470 whole
2677 3430 2835 3483 army
2860 3416 2924 3468 at

921 3478 1273 3604 Agedincum
1296 3479 1309 3502 '
1338 3480 1564 3551 (Sens);
1600 3483 1705 3537 but
1744 3482 1828 3550 35,
1860 3480 1889 3554 ξ
1926 3483 1958 3537 3
1983 3484 2165 3540 shows
2201 3485 2331 3540 that
2368 3486 2440 3540 he
2479 3484 2578 3540 did
2614 3485 2748 3542 take
2771 3501 2926 3539 some

921 3567 992 3604 wi
1130 3567 1225 3607 im.

996 3619 1026 3692 ξ
1052 3621 1115 3706 2..
1141 3624 1438 3708 rebellione.
1518 3622 1622 3680 See
1648 3624 1749 3680 the
1775 3625 1980 3681 second
2006 3632 2141 3682 note
2170 3645 2242 3682 on
2268 3626 2350 3694 iii,
2384 3628 2465 3694 10,
2494 3625 2523 3700 ξ
2549 3628 2601 3681 2.

924 3696 1702 3839 ῃοᾟῖἒῖἒζῗᾛὲἴζέἴῖἕᾳῑηῖ·
1724 3697 2714 3841 ἕξεἛῖἓέΡῗῗοἘὲᾏᾏᾝῗὲῧῒ
2735 3698 2933 3825 ,ἆέῖί

926 3840 1295 3892 coniuratione
1316 3842 1479 3908 sacta
1509 3857 1705 3895 means
1738 3842 1751 3868 ‘
1773 3841 1912 3912 they
1939 3842 2195 3898 renewed
2229 3841 2386 3899 their
2415 3843 2579 3899 oaths
2612 3842 2679 3896 of
2704 3842 2928 3897 mutual

927 3907 1143 3977 fidelity
1162 3911 1174 3936 ’
1194 3928 1208 3976 ;
1249 3909 1364 3965 and
1384 3928 1498 3982 any
1513 3929 1622 3968 one
1640 3912 1768 3969 who
1786 3912 1888 3968 has
1905 3912 2130 3969 studied
2145 3913 2324 3971 Celtic
2344 3914 2447 3971 rel‘
2493 3914 2587 3970 ion
2606 3912 2723 3968 will
2740 3913 2931 3970 admit

925 3980 1056 4034 that
1092 3980 1210 4034 this
1247 3980 1295 4035 is
1323 3979 1445 4050 just
1481 3983 1638 4039 what
1675 3983 1814 4054 they
1839 3984 2025 4041 would
2059 3984 2202 4041 have
2236 3986 2401 4043 done.
2507 3986 2536 4040 f
2564 4004 2646 4041 we
2682 4003 2827 4042 were
2864 3990 2930 4040 to

926 4051 1204 4107 translate
1229 4055 1532 4109 coniuratio
1560 4055 1640 4125 by
1666 4060 1681 4085 ‘
1701 4056 2033 4127 conspiracy
2053 4056 2086 4123 '‚
2121 4058 2221 4114 the
2246 4057 2518 4130 religious
2542 4058 2839 4114 character
2868 4056 2937 4112 of

923 4123 1022 4177 the
1047 4129 1379 4194 agreement
1400 4124 1584 4181 would
1616 4127 1686 4182 be
1710 4127 1820 4183 lost
1844 4128 2002 4199 sight
2026 4128 2100 4185 of.

996 4197 1088 4259 31,
1115 4192 1144 4267 ξ
1168 4195 1220 4250 2.
1261 4215 1381 4250 aere
1403 4195 1537 4252 here
1564 4216 1758 4254 means
1783 4202 1797 4227 ‘
1824 4200 2030 4256 bronze
2052 4202 2084 4254 '.

992 4285 1084 4321 eas
1107 4286 1205 4322 res.
1268 4265 1572 4340 Evidently
1592 4269 1798 4326 Caesar
1814 4289 1927 4327 was
1949 4271 2224 4343 thinking
2244 4277 2347 4328 not
2372 4271 2467 4328 onl
2527 4273 2594 4328 of
2610 4272 2714 4328 the
2738 4270 2932 4343 repair

925 4337 1292 4482 ggggghggs
1317 4339 1419 4394 but
1444 4342 1511 4396 of
1526 4340 1607 4396 all
1632 4342 1734 4399 the
1761 4343 2002 4415 damage
2026 4344 2214 4400 which
2246 4344 2360 4399 had
2384 4349 2445 4400 to
2567 4345 2732 4400 made
2757 4345 2930 4415 good.

3157 1121 3167 1334 *—
3147 517 3165 954 usi—u—„
