3177 5166
465 1230 625 1278 Ario·

466 1296 645 1345 viatus
668 1310 745 1344 re-

461 1359 602 1422 jects
626 1362 714 1411 his

464 1428 748 1543 sem.

468 1559 694 1609 ferenes.

903 310 992 371 40
1456 306 1577 371 DE
1625 303 1913 370 BELLO
1960 301 2349 370 GALLICO

904 471 1192 535 Galliam
1253 470 1773 556 occupavissent,
1829 475 1908 534 ut
1973 473 2129 534 ante
2187 467 2442 536 Cimbri
2502 469 2919 553 Teutonique

904 575 1234 651 fecissent,
1263 575 1333 638 in
1365 574 1777 661 provinciam
1810 573 2072 638 exirent
2110 576 2313 659 atque
2355 572 2509 638 inde
2539 572 2608 636 in
2643 572 2914 637 Italiam

904 679 1380 745 contenderent
1415 677 1462 767 [,
1493 677 1883 764 praesertim
1914 699 2064 743 cum
2109 676 2449 763 Sequanos
2489 700 2530 742 a
2569 677 2918 763 provincia

903 788 1134 848 nostra
1164 782 1529 848 Rhodanus
1568 779 1963 870 divideret];
2020 780 2262 866 quibus
2297 780 2496 846 rebus
2531 803 2729 867 quam
2771 803 2912 846 ma-

848 900 877 949 5
904 888 1183 954 turrime
1213 886 1687 954 occurrendum
1718 886 2021 973 putabat.
2098 885 2249 971 Ipse
2277 890 2501 951 autem
2532 886 2916 951 Ariovistus
2944 908 2975 958 5

904 998 1129 1058 tantos
1187 991 1313 1057 sibi
1373 991 1668 1077 spirituS,
1704 994 1965 1054 tantam
2012 989 2464 1075 arrogantiam
2522 996 2914 1076 sumpserat,

904 1103 983 1162 ut
1014 1095 1325 1162 ferendus
1354 1117 1489 1161 non
1521 1094 1883 1163 videretur.

781 1222 880 1278 34
991 1201 1208 1282 Quam
1254 1199 1340 1265 ob
1385 1222 1521 1264 rem
1567 1198 1819 1286 placuit
1860 1198 1921 1264 ei
1966 1203 2044 1263 ut
2088 1198 2173 1264 ad
2202 1199 2615 1264 Ariovistum
2658 1199 2914 1285 legatos

904 1306 1220 1384 mitteret,
1270 1305 1388 1391 qui
1440 1304 1526 1368 ab
1577 1326 1654 1368 eo
1712 1303 2127 1389 postularent
2186 1303 2289 1368 uti
2348 1303 2636 1389 aliquem
2693 1303 2913 1370 locum

903 1410 1194 1475 medium
1239 1408 1539 1494 utrisque
1592 1406 1939 1493 conloquio
1999 1407 2355 1494 deligeret:
2419 1407 2586 1473 velle
2638 1430 2778 1473 sese
2830 1408 2914 1474 de
2943 1431 3008 1479 10

844 1536 875 1583 2
903 1536 974 1579 re
995 1512 1261 1600 publica
1278 1516 1348 1578 et
1375 1510 1652 1576 summis
1676 1510 2024 1595 utriusque
2046 1510 2244 1576 rebus
2272 1533 2424 1577 cum
2448 1533 2524 1577 eo
2546 1534 2760 1598 agere.
2829 1512 2910 1577 Ei

900 1617 1218 1705 legationi
1259 1616 1642 1681 Ariovistus
1681 1615 2053 1701 respondit:
2100 1616 2157 1681 si
2200 1616 2360 1702 quid
2391 1616 2516 1703 ipsi
2558 1639 2601 1682 a
2631 1615 2914 1682 Caesare

898 1743 1065 1807 opus
1117 1723 1306 1797 esset,
1357 1741 1496 1785 sese
1548 1719 1634 1783 ad
1694 1741 1845 1784 eum
1900 1724 2258 1784 venturum
2322 1718 2563 1800 fuisse3
2633 1720 2688 1785 si
2750 1721 2914 1806 quid

846 1842 875 1889 3
901 1825 1010 1890 ille
1082 1847 1151 1890 se
1212 1823 1394 1900 velit,
1447 1823 1637 1888 illum
1705 1823 1791 1888 ad
1861 1845 1929 1888 se
1991 1824 2216 1889 venire
2276 1830 2597 1910 oportere.
2717 1825 2913 1890 Prae-

901 1934 1086 1994 terea
1143 1951 1212 1993 se
1266 1949 1478 2014 neque
1538 1928 1681 1993 sine
1741 1927 2037 1994 exercitu
2091 1928 2159 1992 in
2213 1950 2325 1994 eas
2377 1933 2601 2014 partes
2653 1928 2915 1995 Galliae
2941 1952 3006 2000 15

904 2032 1130 2097 venire
1160 2031 1403 2098 audere
1435 2054 1599 2118 quas
1624 2031 1870 2098 Caesar
1898 2032 2281 2119 possideret,
2304 2054 2516 2119 neque
2547 2033 2912 2099 exercitum

902 2137 1045 2202 sine
1105 2158 1346 2223 magno
1410 2141 1783 2201 commeatu
1844 2141 2046 2223 atque
2115 2136 2500 2202 molimento
2560 2137 2630 2201 in
2701 2160 2911 2202 unum

846 2255 873 2301 4
903 2239 1117 2306 locum
1178 2241 1568 2306 contrahere
1621 2262 1824 2327 posse.
1916 2241 2059 2306 Sibi
2118 2246 2343 2306 autem
2396 2242 2638 2306 mirum
2696 2242 2910 2307 videri

902 2343 1062 2430 quid
1093 2344 1164 2409 in
1195 2366 1317 2409 sua
1347 2344 1581 2420 Gallia,
1606 2366 1803 2429 quam
1837 2344 2010 2409 bello
2040 2345 2323 2420 vicisset,
2347 2349 2468 2410 aut
2490 2344 2757 2411 Caesari
2789 2353 2912 2413 aut

902 2448 1171 2513 omnino
1202 2448 1446 2535 populo
1478 2448 1777 2513 Romano
1808 2448 2059 2535 negotii
2090 2452 2280 2514 esset.
2936 2466 3002 2513 20

464 2557 702 2609 caeam-'s
779 2560 874 2616 35
993 2551 1120 2617 His
1165 2552 1494 2638 responsis
1538 2550 1623 2617 ad
1667 2551 2015 2618 Caesarem
2062 2552 2305 2631 relatis,
2337 2553 2579 2619 iterum
2626 2554 2710 2620 ad
2755 2577 2909 2621 eum

464 2624 686 2675 ultima-

467 2692 603 2740 tum.

845 2670 875 2716 2
904 2655 1149 2723 Caesar
1198 2656 1453 2742 legatos
1511 2679 1660 2722 cum
1714 2658 1820 2722 his
1878 2657 2213 2723 mandatis
2270 2658 2521 2724 mittit:
2593 2660 2907 2746 quoniam

974 2843 1005 2917 ξ
1028 2846 1078 2900 4.
1117 2854 1177 2898 ut
1202 2852 1328 2900 ante
1354 2885 1366 2898 .
1393 2885 1406 2899 .
1433 2884 1445 2898 .
1459 2847 1716 2914 fecissent
1741 2843 1789 2898 is
1815 2843 2061 2900 evidentl
2128 2848 2190 2900 to
2215 2846 2284 2900 be
2319 2846 2496 2903 taken
2524 2850 2625 2902 not
2642 2847 2780 2902 with
2809 2847 2908 2904 the

901 2915 1223 2988 preceding,
1249 2916 1356 2972 but
1389 2915 1527 2970 with
1567 2917 1667 2971 the
1706 2915 2001 2988 following
2034 2863 2237 2980 clause,
2275 2917 2553 2986 although
2596 2918 2659 2972 in
2698 2918 2817 2975 fact
2858 2920 2909 2976 it

900 2987 1106 3044 relates
1126 2992 1187 3044 to
1213 2988 1312 3044 the
1338 2988 1550 3043 former
1566 3005 1629 3043 as
1655 2985 1800 3042 well.

976 3061 1186 3115 Cimbri
1211 3061 1549 3132 Teutonique.
1629 3059 1731 3114 See
1758 3077 1796 3128 p
1842 3100 1853 3111 .
1881 3057 2140 3114 lviii-lix.

900 3133 1704 3257 anssmfiissnssffiatzffsffssi'fi‘
1717 3129 2119 3257 wersshssssiissrd
2135 3129 2390 3259 Οῑῗῗέζῗ
2415 3131 2908 3275 ἔὲἓὲιὲίὲἕίῗὲἓ

901 3274 1164 3342 Sequani,
1213 3273 1398 3328 would
1448 3273 1591 3327 have
1638 3274 1783 3327 been
1828 3271 1957 3328 able
2005 3275 2066 3328 to
2115 3290 2264 3329 eroes
2311 3274 2411 3330 the
2463 3274 2657 3331 Rhene
2706 3276 2904 3347 easily,

898 3344 1147 3400 whereas
1179 3343 1506 3400 mountains
1531 3343 1720 3398 would
1755 3343 1895 3399 have
1918 3344 2061 3400 been
2088 3347 2147 3399 to
2180 3362 2331 3401 some
2369 3348 2570 3402 extent
2597 3364 2633 3401 a
2656 3346 2904 3412 barrier;

898 3416 1002 3471 but
1027 3415 1085 3470 in
1109 3414 1317 3487 reality
1342 3413 1671 3470 mountains
1697 3432 1794 3470 are
1819 3415 1981 3470 weak
2004 3415 2282 3484 defences,
2306 3416 2417 3471 and
2442 3420 2503 3471 to
2528 3435 2676 3473 cross
2701 3436 2737 3473 a
2759 3418 2907 3474 river

897 3487 958 3541 in
983 3487 1083 3543 the
1104 3488 1226 3542 face
1252 3486 1316 3541 of
1334 3505 1369 3541 a
1394 3485 1640 3543 resolute
1668 3503 1870 3556 enemy
1896 3488 1944 3541 is
1967 3486 2221 3542 difficult.
2294 3487 2511 3543 Meusel
2541 3490 2616 3558 (J.
2630 3491 2716 3555 B„
2748 3490 2904 3557 1910,

897 3576 952 3628 p.
989 3559 1080 3629 34)
1115 3577 1315 3628 argues
1351 3559 1482 3613 that
1515 3557 1721 3613 Caesar
1757 3558 1942 3613 would
1979 3558 2122 3614 have
2159 3558 2394 3614 written
2431 3561 2731 3615 Rhodanus
2760 3566 2908 3617 solus

894 3631 981 3698 (or
1002 3633 1167 3698 unus)
1187 3631 1300 3685 and
1323 3629 1449 3685 that
1464 3629 1618 3684 after
1631 3633 1905 3700 Sequanos
1928 3629 1999 3686 he
2019 3630 2200 3687 would
2225 3630 2366 3686 have
2393 3631 2577 3686 added
2596 3636 2654 3686 in
2748 3650 2904 3688 orum

883 3703 1100 3770 finibus
1144 3705 1405 3756 Genuam·
1445 3705 1808 3756 considerant.
1896 3700 2075 3756 These
2123 3719 2351 3757 reasons
2392 3719 2489 3758 are
2529 3703 2672 3758 hard
2694 3723 2732 3773 y
2772 3722 2903 3760 con·

898 3772 1139 3837 clusive;
1191 3773 1295 3828 but
1333 3773 1471 3843 they
1491 3770 1703 3842 justify
1731 3772 1948 3828 Meusel
1986 3772 2046 3826 in
2081 3772 2423 3843 bracketing
2450 3780 2775 3844 praesertim
2805 3818 2818 3831 .
2843 3816 2856 3830 .
2885 3818 2899 3832 .

893 3846 1166 3899 divideret.

965 3919 1065 3982 34,
1108 3914 1137 3987 ξ
1179 3915 1225 3969 1.
1262 3919 1506 3988 utrisque
1555 3913 1604 3968 is
1653 3931 1688 3969 a
1731 3913 2067 3980 correction,
2113 3917 2277 3971 made
2329 3916 2403 3986 by
2446 3915 2795 3988 ciacconius,
2843 3921 2909 3975 of

894 3991 1190 4059 utriusque.
1263 3986 1405 4054 The,
1475 3985 1688 4042 enitive
1729 3986 1918 4041 would
1962 3990 2063 4041 not
2111 3987 2180 4042 be
2224 3985 2549 4043 admissible
2598 3993 2803 4058 except
2838 3989 2900 4044 in

935 4061 1090 4128 oetry
1112 4079 1124 4123 ;
1163 4059 1294 4124 and,
1321 4076 1383 4113 as
1473 4056 1625 4113 eusel
1651 4075 1778 4126 says
1799 4058 1879 4128 (J.
1896 4060 1976 4124 B.,
2001 4057 2155 4124 1894,
2178 4077 2232 4129 p.
2247 4059 2399 4128 285),
2426 4075 2567 4114 even
2590 4058 2640 4113 if
2658 4060 2707 4114 it
2734 4079 2898 4129 were,

939 4147 1097 4185 aesar
1120 4129 1304 4184 would
1332 4130 1474 4184 have
1498 4129 1731 4183 written
1758 4128 2056 4200 (medium)
2079 4133 2257 4198 ipsius
2277 4138 2326 4184 et
2357 4131 2621 4187 caesaris.

967 4198 998 4272 ξ
1023 4203 1075 4256 2.
1112 4203 1251 4255 velit.
1326 4200 1580 4271 Perhaps
1636 4198 1842 4254 Caesar
1898 4200 2033 4255 used
2089 4201 2188 4255 the
2236 4204 2461 4271 present
2502 4202 2562 4256 in
2620 4202 2786 4257 order
2839 4206 2901 4260 to

896 4270 1050 4326 show
1068 4273 1197 4327 that
1223 4273 1322 4327 the
1342 4270 1700 4353 supposition
1719 4288 1832 4326 was
1851 4271 2141 4342 probable.
2205 4272 2272 4326 In
2291 4272 2489 4327 Oratio
2509 4272 2688 4329 Recta
2710 4274 2898 4345 (opus)

895 4351 1022 4397 esset
1047 4342 1230 4397 would
1257 4360 1473 4398 remam
1499 4352 1659 4407 essen
1696 4342 1801 4397 but
1827 4345 1949 4398 velit
1972 4342 2157 4397 would
2185 4343 2410 4400 become
2436 4347 2531 4399 vis.
