<?xml version="1.0" encoding="UTF-8"?>
<!DOCTYPE html PUBLIC "-//W3C//DTD XHTML 1.0 Transitional//EN"
    "http://www.w3.org/TR/xhtml1/DTD/xhtml1-transitional.dtd">
<html xmlns="http://www.w3.org/1999/xhtml" xml:lang="en" lang="en">
 <head>
  <title>
</title>
<meta http-equiv="Content-Type" content="text/html;charset=utf-8" />
  <meta name='ocr-system' content='tesseract 3.04.00' />
  <meta name='ocr-capabilities' content='ocr_page ocr_carea ocr_par ocr_line ocrx_word'/>
</head>
<body>
  <div class='ocr_page' id='page_1' title='image "./ciulicaesarisco00caesgoog_0393.png"; bbox 0 0 3177 5166; ppageno 0'>
   <div class='ocr_carea' id='block_1_1' title="bbox 104 0 314 4">
    <p class='ocr_par' dir='ltr' id='par_1_1' title="bbox 104 0 314 4">
     <span class='ocr_line' id='line_1_1' title="bbox 104 0 314 4; baseline 0 0"><span class='ocrx_word' id='word_1_1' title='bbox 104 0 314 4; x_wconf 95' lang='lat' dir='ltr'><strong> </strong></span> 
     </span>
    </p>
   </div>
   <div class='ocr_carea' id='block_1_2' title="bbox 781 334 2250 405">
    <p class='ocr_par' dir='ltr' id='par_1_2' title="bbox 781 334 2250 405">
     <span class='ocr_line' id='line_1_2' title="bbox 781 334 2250 405; baseline -0.005 0"><span class='ocrx_word' id='word_1_2' title='bbox 781 334 1511 405; x_wconf 85' lang='lat' dir='ltr'><strong>COMMENTARIUS</strong></span> <span class='ocrx_word' id='word_1_3' title='bbox 1558 334 1696 400; x_wconf 90' lang='lat' dir='ltr'><strong>VII</strong></span> <span class='ocrx_word' id='word_1_4' title='bbox 2120 336 2250 399; x_wconf 83' lang='lat'><strong>307</strong></span> 
     </span>
    </p>
   </div>
   <div class='ocr_carea' id='block_1_3' title="bbox 234 497 2312 900">
    <p class='ocr_par' dir='ltr' id='par_1_3' title="bbox 234 497 2312 900">
     <span class='ocr_line' id='line_1_3' title="bbox 235 497 2312 585; baseline -0.002 -19"><span class='ocrx_word' id='word_1_5' title='bbox 235 501 497 566; x_wconf 79' lang='lat' dir='ltr'><strong>Placuit</strong></span> <span class='ocrx_word' id='word_1_6' title='bbox 540 504 619 565; x_wconf 90' lang='lat' dir='ltr'><strong>ut</strong></span> <span class='ocrx_word' id='word_1_7' title='bbox 659 498 1038 566; x_wconf 87' lang='lat' dir='ltr'><strong>Litaviccus</strong></span> <span class='ocrx_word' id='word_1_8' title='bbox 1069 499 1133 563; x_wconf 91' lang='lat' dir='ltr'><strong>X</strong></span> <span class='ocrx_word' id='word_1_9' title='bbox 1165 499 1298 565; x_wconf 90' lang='lat' dir='ltr'><strong>illis</strong></span> <span class='ocrx_word' id='word_1_10' title='bbox 1337 498 1609 565; x_wconf 91' lang='lat' dir='ltr'><strong>milibus</strong></span> <span class='ocrx_word' id='word_1_11' title='bbox 1647 521 1817 585; x_wconf 88' lang='lat' dir='ltr'><strong>quae</strong></span> <span class='ocrx_word' id='word_1_12' title='bbox 1857 497 2127 565; x_wconf 87' lang='lat' dir='ltr'><strong>Caesari</strong></span> <span class='ocrx_word' id='word_1_13' title='bbox 2169 497 2255 563; x_wconf 86' lang='lat' dir='ltr'><strong>ad</strong></span> <span class='ocrx_word' id='word_1_14' title='bbox 2283 507 2312 561; x_wconf 88' lang='grc'><strong>7</strong></span> 
     </span>
     <span class='ocr_line' id='line_1_4' title="bbox 234 600 2259 692; baseline -0.002 -21"><span class='ocrx_word' id='word_1_15' title='bbox 234 605 482 671; x_wconf 89' lang='lat' dir='ltr'><strong>bellum</strong></span> <span class='ocrx_word' id='word_1_16' title='bbox 539 604 970 670; x_wconf 71' lang='lat' dir='ltr'><strong>mitterentur</strong></span> <span class='ocrx_word' id='word_1_17' title='bbox 1019 605 1490 691; x_wconf 89' lang='lat' dir='ltr'><strong>praeficeretur</strong></span> <span class='ocrx_word' id='word_1_18' title='bbox 1544 600 1774 692; x_wconf 90' lang='lat' dir='ltr'><strong>[atque</strong></span> <span class='ocrx_word' id='word_1_19' title='bbox 1826 624 1905 668; x_wconf 89' lang='lat' dir='ltr'><strong>ea</strong></span> <span class='ocrx_word' id='word_1_20' title='bbox 1958 601 2259 667; x_wconf 87' lang='lat' dir='ltr'><strong>ducenda</strong></span> 
     </span>
     <span class='ocr_line' id='line_1_5' title="bbox 236 706 2254 799; baseline -0.003 -23"><span class='ocrx_word' id='word_1_21' title='bbox 236 706 532 799; x_wconf 80' lang='lat' dir='ltr'><strong>curaret]</strong></span> <span class='ocrx_word' id='word_1_22' title='bbox 578 707 954 795; x_wconf 77' lang='lat' dir='ltr'><strong>fratresque</strong></span> <span class='ocrx_word' id='word_1_23' title='bbox 1007 708 1151 773; x_wconf 90' lang='lat' dir='ltr'><strong>eius</strong></span> <span class='ocrx_word' id='word_1_24' title='bbox 1195 708 1281 773; x_wconf 89' lang='lat' dir='ltr'><strong>ad</strong></span> <span class='ocrx_word' id='word_1_25' title='bbox 1335 706 1685 774; x_wconf 88' lang='lat' dir='ltr'><strong>Caesarem</strong></span> <span class='ocrx_word' id='word_1_26' title='bbox 1735 711 2254 794; x_wconf 80' lang='lat' dir='ltr'><strong>praecurrerent.</strong></span> 
     </span>
     <span class='ocr_line' id='line_1_6' title="bbox 239 812 1886 900; baseline -0.001 -22"><span class='ocrx_word' id='word_1_27' title='bbox 239 813 527 900; x_wconf 88' lang='lat' dir='ltr'><strong>Reliqua</strong></span> <span class='ocrx_word' id='word_1_28' title='bbox 558 835 692 898; x_wconf 90' lang='lat' dir='ltr'><strong>qua</strong></span> <span class='ocrx_word' id='word_1_29' title='bbox 721 812 981 878; x_wconf 89' lang='lat' dir='ltr'><strong>ratione</strong></span> <span class='ocrx_word' id='word_1_30' title='bbox 1010 812 1123 899; x_wconf 86' lang='lat' dir='ltr'><strong>agi</strong></span> <span class='ocrx_word' id='word_1_31' title='bbox 1152 812 1414 899; x_wconf 89' lang='lat' dir='ltr'><strong>placeat</strong></span> <span class='ocrx_word' id='word_1_32' title='bbox 1447 812 1886 878; x_wconf 88' lang='lat' dir='ltr'><strong>constituunt.</strong></span> 
     </span>
    </p>
   </div>
   <div class='ocr_carea' id='block_1_4' title="bbox 180 915 2525 1003">
    <p class='ocr_par' dir='ltr' id='par_1_4' title="bbox 180 915 2525 1003">
     <span class='ocr_line' id='line_1_7' title="bbox 180 915 2525 1003; baseline -0.003 -16"><span class='ocrx_word' id='word_1_33' title='bbox 180 938 212 987; x_wconf 86' lang='lat'><strong>6</strong></span> <span class='ocrx_word' id='word_1_34' title='bbox 330 917 711 983; x_wconf 88' lang='lat' dir='ltr'><strong>Litaviccus</strong></span> <span class='ocrx_word' id='word_1_35' title='bbox 781 919 1052 1003; x_wconf 91' lang='lat' dir='ltr'><strong>accepto</strong></span> <span class='ocrx_word' id='word_1_36' title='bbox 1112 916 1427 998; x_wconf 79' lang='lat' dir='ltr'><strong>exercitu,</strong></span> <span class='ocrx_word' id='word_1_37' title='bbox 1474 937 1625 983; x_wconf 92' lang='lat' dir='ltr'><strong>cum</strong></span> <span class='ocrx_word' id='word_1_38' title='bbox 1684 915 1876 981; x_wconf 89' lang='lat' dir='ltr'><strong>milia</strong></span> <span class='ocrx_word' id='word_1_39' title='bbox 1943 934 2257 1001; x_wconf 78' lang='lat' dir='ltr'><strong>passuum</strong></span> <span class='ocrx_word' id='word_1_40' title='bbox 2286 927 2382 984; x_wconf 74' lang='lat'><strong>38</strong></span> <span class='ocrx_word' id='word_1_41' title='bbox 2401 930 2525 980; x_wconf 84' lang='lat' dir='ltr'><strong>who</strong></span> 
     </span>
    </p>
   </div>
   <div class='ocr_carea' id='block_1_5' title="bbox 151 1018 2327 2464">
    <p class='ocr_par' dir='ltr' id='par_1_5' title="bbox 151 1018 2327 2464">
     <span class='ocr_line' id='line_1_8' title="bbox 240 1018 2260 1108; baseline -0.002 -21"><span class='ocrx_word' id='word_1_42' title='bbox 240 1021 505 1088; x_wconf 82' lang='lat' dir='ltr'><strong>circiter</strong></span> <span class='ocrx_word' id='word_1_43' title='bbox 553 1019 749 1084; x_wconf 91' lang='lat' dir='ltr'><strong>XXX</strong></span> <span class='ocrx_word' id='word_1_44' title='bbox 810 1042 852 1085; x_wconf 97' lang='lat' dir='ltr'><strong>a</strong></span> <span class='ocrx_word' id='word_1_45' title='bbox 903 1020 1235 1108; x_wconf 84' lang='lat' dir='ltr'><strong>Gergovia</strong></span> <span class='ocrx_word' id='word_1_46' title='bbox 1280 1020 1560 1101; x_wconf 90' lang='lat' dir='ltr'><strong>abesset,</strong></span> <span class='ocrx_word' id='word_1_47' title='bbox 1606 1019 1985 1087; x_wconf 86' lang='lat' dir='ltr'><strong>convocatis</strong></span> <span class='ocrx_word' id='word_1_48' title='bbox 2036 1018 2260 1084; x_wconf 80' lang='lat' dir='ltr'><strong>subito</strong></span> 
     </span>
     <span class='ocr_line' id='line_1_9' title="bbox 242 1122 2317 1211; baseline 0 -21"><span class='ocrx_word' id='word_1_49' title='bbox 242 1124 572 1191; x_wconf 88' lang='lat' dir='ltr'><strong>militibus</strong></span> <span class='ocrx_word' id='word_1_50' title='bbox 616 1123 972 1190; x_wconf 91' lang='lat' dir='ltr'><strong>lacrimans</strong></span> <span class='ocrx_word' id='word_1_51' title='bbox 1016 1134 1184 1211; x_wconf 88' lang='lat' dir='ltr'><strong>‘quo</strong></span> <span class='ocrx_word' id='word_1_52' title='bbox 1236 1124 1712 1211; x_wconf 86' lang='lat' dir='ltr'><strong>proficiscimur</strong></span> <span class='ocrx_word' id='word_1_53' title='bbox 1731 1127 1767 1202; x_wconf 91' lang='lat'><strong>’,</strong></span> <span class='ocrx_word' id='word_1_54' title='bbox 1813 1124 2049 1210; x_wconf 88' lang='lat' dir='ltr'><strong>inquit,</strong></span> <span class='ocrx_word' id='word_1_55' title='bbox 2097 1122 2258 1186; x_wconf 90' lang='lat' dir='ltr'><strong>‘mi-</strong></span> <span class='ocrx_word' id='word_1_56' title='bbox 2286 1142 2317 1191; x_wconf 79' lang='lat'><strong>2</strong></span> 
     </span>
     <span class='ocr_line' id='line_1_10' title="bbox 245 1227 2263 1314; baseline -0.001 -20"><span class='ocrx_word' id='word_1_57' title='bbox 245 1229 443 1295; x_wconf 65' lang='lat' dir='ltr'><strong>lites?</strong></span> <span class='ocrx_word' id='word_1_58' title='bbox 500 1227 738 1294; x_wconf 91' lang='lat' dir='ltr'><strong>Omnis</strong></span> <span class='ocrx_word' id='word_1_59' title='bbox 762 1232 987 1294; x_wconf 89' lang='lat' dir='ltr'><strong>noster</strong></span> <span class='ocrx_word' id='word_1_60' title='bbox 1010 1229 1370 1314; x_wconf 77' lang='lat' dir='ltr'><strong>equitatuS,</strong></span> <span class='ocrx_word' id='word_1_61' title='bbox 1379 1229 1595 1295; x_wconf 93' lang='lat' dir='ltr'><strong>omnis</strong></span> <span class='ocrx_word' id='word_1_62' title='bbox 1617 1228 1934 1295; x_wconf 85' lang='lat' dir='ltr'><strong>nobilitas</strong></span> <span class='ocrx_word' id='word_1_63' title='bbox 1964 1228 2224 1293; x_wconf 91' lang='lat' dir='ltr'><strong>interiit</strong></span> <span class='ocrx_word' id='word_1_64' title='bbox 2248 1246 2263 1306; x_wconf 91' lang='lat'>;</span> 
     </span>
     <span class='ocr_line' id='line_1_11' title="bbox 245 1331 2263 1422; baseline -0 -24"><span class='ocrx_word' id='word_1_65' title='bbox 245 1333 579 1422; x_wconf 88' lang='lat' dir='ltr'><strong>principes</strong></span> <span class='ocrx_word' id='word_1_66' title='bbox 631 1332 946 1413; x_wconf 88' lang='lat' dir='ltr'><strong>civitatis,</strong></span> <span class='ocrx_word' id='word_1_67' title='bbox 994 1332 1405 1419; x_wconf 84' lang='lat' dir='ltr'><strong>Eporedorix</strong></span> <span class='ocrx_word' id='word_1_68' title='bbox 1459 1337 1528 1399; x_wconf 92' lang='lat' dir='ltr'><strong>et</strong></span> <span class='ocrx_word' id='word_1_69' title='bbox 1579 1332 2058 1409; x_wconf 89' lang='lat' dir='ltr'><strong>Viridomarus,</strong></span> <span class='ocrx_word' id='word_1_70' title='bbox 2103 1331 2263 1397; x_wconf 90' lang='lat' dir='ltr'><strong>insi-</strong></span> 
     </span>
     <span class='ocr_line' id='line_1_12' title="bbox 151 1435 2263 1524; baseline 0.001 -28"><span class='ocrx_word' id='word_1_71' title='bbox 151 1450 218 1497; x_wconf 88' lang='lat'><strong>10</strong></span> <span class='ocrx_word' id='word_1_72' title='bbox 246 1436 486 1503; x_wconf 88' lang='lat' dir='ltr'><strong>mulati</strong></span> <span class='ocrx_word' id='word_1_73' title='bbox 516 1436 915 1524; x_wconf 87' lang='lat' dir='ltr'><strong>proditionis</strong></span> <span class='ocrx_word' id='word_1_74' title='bbox 944 1437 1031 1502; x_wconf 89' lang='lat' dir='ltr'><strong>ab</strong></span> <span class='ocrx_word' id='word_1_75' title='bbox 1061 1437 1380 1503; x_wconf 88' lang='lat' dir='ltr'><strong>Romanis</strong></span> <span class='ocrx_word' id='word_1_76' title='bbox 1410 1437 1667 1503; x_wconf 89' lang='lat' dir='ltr'><strong>indicta</strong></span> <span class='ocrx_word' id='word_1_77' title='bbox 1696 1458 1897 1504; x_wconf 90' lang='lat' dir='ltr'><strong>causa</strong></span> <span class='ocrx_word' id='word_1_78' title='bbox 1926 1435 2263 1502; x_wconf 82' lang='lat' dir='ltr'><strong>interfecti</strong></span> 
     </span>
     <span class='ocr_line' id='line_1_13' title="bbox 247 1539 2321 1628; baseline 0.001 -20"><span class='ocrx_word' id='word_1_79' title='bbox 247 1547 424 1608; x_wconf 87' lang='lat' dir='ltr'><strong>sunt.</strong></span> <span class='ocrx_word' id='word_1_80' title='bbox 519 1541 705 1607; x_wconf 90' lang='lat' dir='ltr'><strong>Haec</strong></span> <span class='ocrx_word' id='word_1_81' title='bbox 764 1540 852 1606; x_wconf 92' lang='lat' dir='ltr'><strong>ab</strong></span> <span class='ocrx_word' id='word_1_82' title='bbox 916 1541 1023 1606; x_wconf 90' lang='lat' dir='ltr'><strong>his</strong></span> <span class='ocrx_word' id='word_1_83' title='bbox 1092 1541 1485 1628; x_wconf 85' lang='lat' dir='ltr'><strong>cognoscite,</strong></span> <span class='ocrx_word' id='word_1_84' title='bbox 1539 1541 1656 1627; x_wconf 87' lang='lat' dir='ltr'><strong>qui</strong></span> <span class='ocrx_word' id='word_1_85' title='bbox 1718 1563 1803 1607; x_wconf 85' lang='lat' dir='ltr'><strong>ex</strong></span> <span class='ocrx_word' id='word_1_86' title='bbox 1862 1540 2009 1628; x_wconf 89' lang='lat' dir='ltr'><strong>ipsa</strong></span> <span class='ocrx_word' id='word_1_87' title='bbox 2066 1539 2264 1606; x_wconf 89' lang='lat' dir='ltr'><strong>caede</strong></span> <span class='ocrx_word' id='word_1_88' title='bbox 2291 1563 2321 1611; x_wconf 81' lang='lat'><strong>3</strong></span> 
     </span>
     <span class='ocr_line' id='line_1_14' title="bbox 248 1643 2264 1732; baseline -0.001 -21"><span class='ocrx_word' id='word_1_89' title='bbox 248 1645 609 1732; x_wconf 80' lang='lat' dir='ltr'><strong>fugerunt3</strong></span> <span class='ocrx_word' id='word_1_90' title='bbox 683 1667 839 1710; x_wconf 92' lang='lat' dir='ltr'><strong>nam</strong></span> <span class='ocrx_word' id='word_1_91' title='bbox 901 1667 1025 1731; x_wconf 88' lang='lat' dir='ltr'><strong>ego</strong></span> <span class='ocrx_word' id='word_1_92' title='bbox 1081 1643 1407 1711; x_wconf 82' lang='lat' dir='ltr'><strong>fratribus</strong></span> <span class='ocrx_word' id='word_1_93' title='bbox 1468 1649 1671 1731; x_wconf 89' lang='lat' dir='ltr'><strong>atque</strong></span> <span class='ocrx_word' id='word_1_94' title='bbox 1731 1643 2040 1711; x_wconf 88' lang='lat' dir='ltr'><strong>omnibus</strong></span> <span class='ocrx_word' id='word_1_95' title='bbox 2099 1644 2264 1709; x_wconf 91' lang='lat' dir='ltr'><strong>meis</strong></span> 
     </span>
     <span class='ocr_line' id='line_1_15' title="bbox 249 1749 2266 1838; baseline -0.001 -22"><span class='ocrx_word' id='word_1_96' title='bbox 249 1751 641 1838; x_wconf 86' lang='lat' dir='ltr'><strong>propinquis</strong></span> <span class='ocrx_word' id='word_1_97' title='bbox 701 1749 1072 1816; x_wconf 80' lang='lat' dir='ltr'><strong>interfectis</strong></span> <span class='ocrx_word' id='word_1_98' title='bbox 1132 1750 1356 1817; x_wconf 90' lang='lat' dir='ltr'><strong>dolore</strong></span> <span class='ocrx_word' id='word_1_99' title='bbox 1414 1749 1769 1837; x_wconf 89' lang='lat' dir='ltr'><strong>prohibeor</strong></span> <span class='ocrx_word' id='word_1_100' title='bbox 1834 1771 2003 1835; x_wconf 90' lang='lat' dir='ltr'><strong>quae</strong></span> <span class='ocrx_word' id='word_1_101' title='bbox 2075 1757 2266 1836; x_wconf 88' lang='lat' dir='ltr'><strong>gesta</strong></span> 
     </span>
     <span class='ocr_line' id='line_1_16' title="bbox 251 1853 2320 1942; baseline -0 -22"><span class='ocrx_word' id='word_1_102' title='bbox 251 1860 413 1921; x_wconf 89' lang='lat' dir='ltr'><strong>sunt</strong></span> <span class='ocrx_word' id='word_1_103' title='bbox 448 1853 923 1942; x_wconf 74' lang='lat' dir='ltr'><strong>pronuntiare.²</strong></span> <span class='ocrx_word' id='word_1_104' title='bbox 999 1855 1469 1921; x_wconf 88' lang='lat' dir='ltr'><strong>Producuntur</strong></span> <span class='ocrx_word' id='word_1_105' title='bbox 1496 1855 1545 1919; x_wconf 93' lang='lat' dir='ltr'><strong>ii</strong></span> <span class='ocrx_word' id='word_1_106' title='bbox 1577 1877 1742 1941; x_wconf 90' lang='lat' dir='ltr'><strong>quos</strong></span> <span class='ocrx_word' id='word_1_107' title='bbox 1772 1855 1884 1921; x_wconf 93' lang='lat' dir='ltr'><strong>ille</strong></span> <span class='ocrx_word' id='word_1_108' title='bbox 1915 1854 2267 1921; x_wconf 86' lang='lat' dir='ltr'><strong>edocuerat</strong></span> <span class='ocrx_word' id='word_1_109' title='bbox 2291 1865 2320 1912; x_wconf 84' lang='lat'>4</span> 
     </span>
     <span class='ocr_line' id='line_1_17' title="bbox 156 1957 2267 2047; baseline -0.002 -18"><span class='ocrx_word' id='word_1_110' title='bbox 156 1980 224 2029; x_wconf 79' lang='lat'><strong>15</strong></span> <span class='ocrx_word' id='word_1_111' title='bbox 253 1981 425 2046; x_wconf 90' lang='lat' dir='ltr'><strong>quae</strong></span> <span class='ocrx_word' id='word_1_112' title='bbox 483 1958 613 2025; x_wconf 92' lang='lat' dir='ltr'><strong>dici</strong></span> <span class='ocrx_word' id='word_1_113' title='bbox 664 1957 884 2038; x_wconf 89' lang='lat' dir='ltr'><strong>vellet,</strong></span> <span class='ocrx_word' id='word_1_114' title='bbox 928 1964 1131 2046; x_wconf 88' lang='lat' dir='ltr'><strong>atque</strong></span> <span class='ocrx_word' id='word_1_115' title='bbox 1184 1959 1411 2026; x_wconf 88' lang='lat' dir='ltr'><strong>eadem</strong></span> <span class='ocrx_word' id='word_1_116' title='bbox 1468 1982 1636 2047; x_wconf 91' lang='lat' dir='ltr'><strong>quae</strong></span> <span class='ocrx_word' id='word_1_117' title='bbox 1688 1959 2067 2026; x_wconf 87' lang='lat' dir='ltr'><strong>Litaviccus</strong></span> <span class='ocrx_word' id='word_1_118' title='bbox 2116 1979 2267 2047; x_wconf 90' lang='lat' dir='ltr'><strong>pro-</strong></span> 
     </span>
     <span class='ocr_line' id='line_1_18' title="bbox 254 2063 2325 2150; baseline 0.002 -20"><span class='ocrx_word' id='word_1_119' title='bbox 254 2063 689 2130; x_wconf 86' lang='lat' dir='ltr'><strong>nuntiaverat</strong></span> <span class='ocrx_word' id='word_1_120' title='bbox 762 2063 1182 2130; x_wconf 91' lang='lat' dir='ltr'><strong>multitudini</strong></span> <span class='ocrx_word' id='word_1_121' title='bbox 1256 2068 1642 2150; x_wconf 79' lang='lat' dir='ltr'><strong>exponunt:</strong></span> <span class='ocrx_word' id='word_1_122' title='bbox 1716 2085 1944 2130; x_wconf 88' lang='lat' dir='ltr'><strong>omnes</strong></span> <span class='ocrx_word' id='word_1_123' title='bbox 2012 2063 2269 2149; x_wconf 90' lang='lat' dir='ltr'><strong>equites</strong></span> <span class='ocrx_word' id='word_1_124' title='bbox 2294 2085 2325 2135; x_wconf 82' lang='lat'><strong>5</strong></span> 
     </span>
     <span class='ocr_line' id='line_1_19' title="bbox 256 2167 2270 2256; baseline -0 -23"><span class='ocrx_word' id='word_1_125' title='bbox 256 2167 689 2234; x_wconf 86' lang='lat' dir='ltr'><strong>Haeduorum</strong></span> <span class='ocrx_word' id='word_1_126' title='bbox 735 2167 1144 2249; x_wconf 82' lang='lat' dir='ltr'><strong>interfectos,</strong></span> <span class='ocrx_word' id='word_1_127' title='bbox 1175 2168 1352 2256; x_wconf 87' lang='lat' dir='ltr'><strong>quod</strong></span> <span class='ocrx_word' id='word_1_128' title='bbox 1396 2169 1725 2235; x_wconf 91' lang='lat' dir='ltr'><strong>conlocuti</strong></span> <span class='ocrx_word' id='word_1_129' title='bbox 1763 2190 1914 2235; x_wconf 92' lang='lat' dir='ltr'><strong>cum</strong></span> <span class='ocrx_word' id='word_1_130' title='bbox 1945 2167 2270 2233; x_wconf 89' lang='lat' dir='ltr'><strong>Arvernis</strong></span> 
     </span>
     <span class='ocr_line' id='line_1_20' title="bbox 257 2272 2269 2360; baseline -0.001 -22"><span class='ocrx_word' id='word_1_131' title='bbox 257 2272 675 2352; x_wconf 81' lang='lat' dir='ltr'><strong>dicerentur3</strong></span> <span class='ocrx_word' id='word_1_132' title='bbox 758 2273 938 2360; x_wconf 89' lang='lat' dir='ltr'><strong>ipsos</strong></span> <span class='ocrx_word' id='word_1_133' title='bbox 1010 2295 1081 2339; x_wconf 91' lang='lat' dir='ltr'><strong>se</strong></span> <span class='ocrx_word' id='word_1_134' title='bbox 1160 2273 1338 2339; x_wconf 88' lang='lat' dir='ltr'><strong>inter</strong></span> <span class='ocrx_word' id='word_1_135' title='bbox 1404 2272 1905 2339; x_wconf 88' lang='lat' dir='ltr'><strong>multitudinem</strong></span> <span class='ocrx_word' id='word_1_136' title='bbox 1979 2272 2269 2338; x_wconf 87' lang='lat' dir='ltr'><strong>militum</strong></span> 
     </span>
     <span class='ocr_line' id='line_1_21' title="bbox 257 2375 2327 2464; baseline -0 -20"><span class='ocrx_word' id='word_1_137' title='bbox 257 2375 620 2444; x_wconf 81' lang='lat' dir='ltr'><strong>occultasse</strong></span> <span class='ocrx_word' id='word_1_138' title='bbox 679 2379 881 2462; x_wconf 88' lang='lat' dir='ltr'><strong>atque</strong></span> <span class='ocrx_word' id='word_1_139' title='bbox 941 2399 1025 2443; x_wconf 82' lang='lat' dir='ltr'><strong>ex</strong></span> <span class='ocrx_word' id='word_1_140' title='bbox 1086 2378 1306 2443; x_wconf 91' lang='lat' dir='ltr'><strong>media</strong></span> <span class='ocrx_word' id='word_1_141' title='bbox 1363 2378 1561 2444; x_wconf 88' lang='lat' dir='ltr'><strong>caede</strong></span> <span class='ocrx_word' id='word_1_142' title='bbox 1622 2377 1894 2464; x_wconf 80' lang='lat' dir='ltr'><strong>fugisse.</strong></span> <span class='ocrx_word' id='word_1_143' title='bbox 1995 2376 2270 2445; x_wconf 87' lang='lat' dir='ltr'><strong>Concla-</strong></span> <span class='ocrx_word' id='word_1_144' title='bbox 2297 2396 2327 2443; x_wconf 85' lang='lat'><strong>6</strong></span> 
     </span>
    </p>
   </div>
   <div class='ocr_carea' id='block_1_6' title="bbox 160 2479 2269 2549">
    <p class='ocr_par' dir='ltr' id='par_1_6' title="bbox 160 2479 2269 2549">
     <span class='ocr_line' id='line_1_22' title="bbox 160 2479 2269 2549; baseline 0.002 -9"><span class='ocrx_word' id='word_1_145' title='bbox 160 2493 230 2541; x_wconf 81' lang='lat'><strong>20</strong></span> <span class='ocrx_word' id='word_1_146' title='bbox 260 2483 451 2545; x_wconf 90' lang='lat' dir='ltr'><strong>mant</strong></span> <span class='ocrx_word' id='word_1_147' title='bbox 481 2479 746 2546; x_wconf 90' lang='lat' dir='ltr'><strong>Haedui</strong></span> <span class='ocrx_word' id='word_1_148' title='bbox 772 2485 841 2546; x_wconf 94' lang='lat' dir='ltr'><strong>et</strong></span> <span class='ocrx_word' id='word_1_149' title='bbox 863 2480 1274 2548; x_wconf 87' lang='lat' dir='ltr'><strong>Litaviccum</strong></span> <span class='ocrx_word' id='word_1_150' title='bbox 1305 2481 1656 2548; x_wconf 89' lang='lat' dir='ltr'><strong>obsecrant</strong></span> <span class='ocrx_word' id='word_1_151' title='bbox 1684 2487 1764 2548; x_wconf 91' lang='lat' dir='ltr'><strong>ut</strong></span> <span class='ocrx_word' id='word_1_152' title='bbox 1792 2480 1919 2547; x_wconf 91' lang='lat' dir='ltr'><strong>sibi</strong></span> <span class='ocrx_word' id='word_1_153' title='bbox 1950 2481 2269 2549; x_wconf 89' lang='lat' dir='ltr'><strong>consulat.</strong></span> 
     </span>
    </p>
   </div>
   <div class='ocr_carea' id='block_1_7' title="bbox 164 2585 2331 3193">
    <p class='ocr_par' dir='ltr' id='par_1_7' title="bbox 164 2585 2331 3193">
     <span class='ocr_line' id='line_1_23' title="bbox 262 2585 2330 2672; baseline -0.001 -22"><span class='ocrx_word' id='word_1_154' title='bbox 262 2595 276 2623; x_wconf 89' lang='lat'>‘</span> <span class='ocrx_word' id='word_1_155' title='bbox 298 2585 507 2666; x_wconf 82' lang='lat' dir='ltr'><strong>Quasi</strong></span> <span class='ocrx_word' id='word_1_156' title='bbox 554 2607 712 2651; x_wconf 89' lang='lat' dir='ltr'><strong>vero</strong></span> <span class='ocrx_word' id='word_1_157' title='bbox 732 2585 768 2662; x_wconf 91' lang='lat'><strong>&#39;,</strong></span> <span class='ocrx_word' id='word_1_158' title='bbox 801 2585 1026 2672; x_wconf 88' lang='lat' dir='ltr'><strong>inquit</strong></span> <span class='ocrx_word' id='word_1_159' title='bbox 1070 2586 1202 2667; x_wconf 88' lang='lat' dir='ltr'><strong>ille,</strong></span> <span class='ocrx_word' id='word_1_160' title='bbox 1238 2596 1253 2622; x_wconf 87' lang='lat'>‘</span> <span class='ocrx_word' id='word_1_161' title='bbox 1272 2587 1530 2653; x_wconf 91' lang='lat' dir='ltr'><strong>consilii</strong></span> <span class='ocrx_word' id='word_1_162' title='bbox 1575 2586 1667 2653; x_wconf 90' lang='lat' dir='ltr'><strong>sit</strong></span> <span class='ocrx_word' id='word_1_163' title='bbox 1710 2609 1815 2652; x_wconf 90' lang='lat' dir='ltr'><strong>res</strong></span> <span class='ocrx_word' id='word_1_164' title='bbox 1858 2609 1935 2653; x_wconf 90' lang='lat' dir='ltr'><strong>ac</strong></span> <span class='ocrx_word' id='word_1_165' title='bbox 1979 2609 2113 2653; x_wconf 93' lang='lat' dir='ltr'><strong>non</strong></span> <span class='ocrx_word' id='word_1_166' title='bbox 2158 2607 2272 2650; x_wconf 91' lang='lat' dir='ltr'><strong>ne·</strong></span> <span class='ocrx_word' id='word_1_167' title='bbox 2300 2595 2330 2647; x_wconf 85' lang='grc'><strong><em>7</em></strong></span> 
     </span>
     <span class='ocr_line' id='line_1_24' title="bbox 261 2688 2275 2777; baseline -0.002 -20"><span class='ocrx_word' id='word_1_168' title='bbox 261 2711 440 2757; x_wconf 85' lang='lat' dir='ltr'><strong>cesse</strong></span> <span class='ocrx_word' id='word_1_169' title='bbox 474 2689 566 2755; x_wconf 92' lang='lat' dir='ltr'><strong>sit</strong></span> <span class='ocrx_word' id='word_1_170' title='bbox 594 2688 788 2754; x_wconf 91' lang='lat' dir='ltr'><strong>nobis</strong></span> <span class='ocrx_word' id='word_1_171' title='bbox 818 2689 1216 2777; x_wconf 87' lang='lat' dir='ltr'><strong>Gergoviam</strong></span> <span class='ocrx_word' id='word_1_172' title='bbox 1246 2690 1644 2757; x_wconf 91' lang='lat' dir='ltr'><strong>contendere</strong></span> <span class='ocrx_word' id='word_1_173' title='bbox 1674 2694 1743 2756; x_wconf 93' lang='lat' dir='ltr'><strong>et</strong></span> <span class='ocrx_word' id='word_1_174' title='bbox 1771 2712 1921 2757; x_wconf 88' lang='lat' dir='ltr'><strong>cum</strong></span> <span class='ocrx_word' id='word_1_175' title='bbox 1952 2689 2275 2755; x_wconf 88' lang='lat' dir='ltr'><strong>Arvernis</strong></span> 
     </span>
     <span class='ocr_line' id='line_1_25' title="bbox 262 2792 2331 2881; baseline -0.001 -23"><span class='ocrx_word' id='word_1_176' title='bbox 262 2796 525 2858; x_wconf 88' lang='lat' dir='ltr'><strong>nosmet</strong></span> <span class='ocrx_word' id='word_1_177' title='bbox 568 2792 981 2880; x_wconf 88' lang='lat' dir='ltr'><strong>coniungere.</strong></span> <span class='ocrx_word' id='word_1_178' title='bbox 1073 2796 1182 2860; x_wconf 89' lang='lat' dir='ltr'><strong>An</strong></span> <span class='ocrx_word' id='word_1_179' title='bbox 1227 2794 1615 2860; x_wconf 86' lang='lat' dir='ltr'><strong>dubitamus</strong></span> <span class='ocrx_word' id='word_1_180' title='bbox 1663 2794 1827 2881; x_wconf 90' lang='lat' dir='ltr'><strong>quin</strong></span> <span class='ocrx_word' id='word_1_181' title='bbox 1870 2793 2129 2860; x_wconf 81' lang='lat' dir='ltr'><strong>nefario</strong></span> <span class='ocrx_word' id='word_1_182' title='bbox 2174 2792 2273 2857; x_wconf 84' lang='lat' dir='ltr'><strong>fa·</strong></span> <span class='ocrx_word' id='word_1_183' title='bbox 2301 2795 2331 2844; x_wconf 88' lang='lat'>8</span> 
     </span>
     <span class='ocr_line' id='line_1_26' title="bbox 263 2896 2277 2964; baseline -0.001 -1"><span class='ocrx_word' id='word_1_184' title='bbox 263 2896 488 2964; x_wconf 89' lang='lat' dir='ltr'><strong>cinore</strong></span> <span class='ocrx_word' id='word_1_185' title='bbox 552 2896 841 2963; x_wconf 88' lang='lat' dir='ltr'><strong>admisso</strong></span> <span class='ocrx_word' id='word_1_186' title='bbox 901 2897 1183 2964; x_wconf 85' lang='lat' dir='ltr'><strong>Romani</strong></span> <span class='ocrx_word' id='word_1_187' title='bbox 1243 2898 1376 2963; x_wconf 88' lang='lat' dir='ltr'><strong>iam</strong></span> <span class='ocrx_word' id='word_1_188' title='bbox 1437 2898 1522 2964; x_wconf 88' lang='lat' dir='ltr'><strong>ad</strong></span> <span class='ocrx_word' id='word_1_189' title='bbox 1595 2919 1716 2963; x_wconf 91' lang='lat' dir='ltr'><strong>nos</strong></span> <span class='ocrx_word' id='word_1_190' title='bbox 1789 2896 2277 2964; x_wconf 87' lang='lat' dir='ltr'><strong>interficiendos</strong></span> 
     </span>
     <span class='ocr_line' id='line_1_27' title="bbox 164 3000 2277 3089; baseline 0 -25"><span class='ocrx_word' id='word_1_191' title='bbox 164 3013 236 3064; x_wconf 78' lang='lat'><strong>25</strong></span> <span class='ocrx_word' id='word_1_192' title='bbox 264 3002 710 3071; x_wconf 63' lang='lat' dir='ltr'><strong>concurrant?</strong></span> <span class='ocrx_word' id='word_1_193' title='bbox 765 3000 1066 3080; x_wconf 89' lang='lat' dir='ltr'><strong>Proinde,</strong></span> <span class='ocrx_word' id='word_1_194' title='bbox 1095 3003 1152 3067; x_wconf 90' lang='lat' dir='ltr'><strong>si</strong></span> <span class='ocrx_word' id='word_1_195' title='bbox 1184 3002 1346 3089; x_wconf 92' lang='lat' dir='ltr'><strong>quid</strong></span> <span class='ocrx_word' id='word_1_196' title='bbox 1376 3002 1448 3066; x_wconf 92' lang='lat' dir='ltr'><strong>in</strong></span> <span class='ocrx_word' id='word_1_197' title='bbox 1492 3001 1687 3067; x_wconf 89' lang='lat' dir='ltr'><strong>nobis</strong></span> <span class='ocrx_word' id='word_1_198' title='bbox 1725 3000 1933 3066; x_wconf 88' lang='lat' dir='ltr'><strong>animi</strong></span> <span class='ocrx_word' id='word_1_199' title='bbox 1970 3006 2093 3079; x_wconf 91' lang='lat' dir='ltr'><strong>est,</strong></span> <span class='ocrx_word' id='word_1_200' title='bbox 2130 3022 2277 3087; x_wconf 89' lang='lat' dir='ltr'><strong>per-</strong></span> 
     </span>
     <span class='ocr_line' id='line_1_28' title="bbox 264 3104 2280 3193; baseline -0.001 -22"><span class='ocrx_word' id='word_1_201' title='bbox 264 3126 624 3192; x_wconf 89' lang='lat' dir='ltr'><strong>sequamur</strong></span> <span class='ocrx_word' id='word_1_202' title='bbox 653 3126 881 3170; x_wconf 88' lang='lat' dir='ltr'><strong>eorum</strong></span> <span class='ocrx_word' id='word_1_203' title='bbox 912 3110 1192 3172; x_wconf 89' lang='lat' dir='ltr'><strong>mortem</strong></span> <span class='ocrx_word' id='word_1_204' title='bbox 1230 3105 1346 3193; x_wconf 91' lang='lat' dir='ltr'><strong>qui</strong></span> <span class='ocrx_word' id='word_1_205' title='bbox 1377 3104 1838 3192; x_wconf 86' lang='lat' dir='ltr'><strong>indignissime</strong></span> <span class='ocrx_word' id='word_1_206' title='bbox 1878 3105 2280 3170; x_wconf 88' lang='lat' dir='ltr'><strong>interierunt</strong></span> 
     </span>
    </p>
   </div>
   <div class='ocr_carea' id='block_1_8' title="bbox 266 3207 2336 3295">
    <p class='ocr_par' dir='ltr' id='par_1_8' title="bbox 266 3207 2336 3295">
     <span class='ocr_line' id='line_1_29' title="bbox 266 3207 2336 3295; baseline -0.002 -19"><span class='ocrx_word' id='word_1_207' title='bbox 266 3214 472 3295; x_wconf 87' lang='lat' dir='ltr'><strong>atque</strong></span> <span class='ocrx_word' id='word_1_208' title='bbox 545 3208 668 3274; x_wconf 88' lang='lat' dir='ltr'><strong>hos</strong></span> <span class='ocrx_word' id='word_1_209' title='bbox 739 3207 1032 3275; x_wconf 88' lang='lat' dir='ltr'><strong>latrones</strong></span> <span class='ocrx_word' id='word_1_210' title='bbox 1105 3210 1620 3276; x_wconf 88' lang='lat' dir='ltr'><strong>interficiamus.’</strong></span> <span class='ocrx_word' id='word_1_211' title='bbox 1720 3208 2031 3276; x_wconf 85' lang='lat' dir='ltr'><strong>Ostendit</strong></span> <span class='ocrx_word' id='word_1_212' title='bbox 2101 3208 2279 3275; x_wconf 90' lang='lat' dir='ltr'><strong>cives</strong></span> <span class='ocrx_word' id='word_1_213' title='bbox 2304 3222 2336 3271; x_wconf 82' lang='lat'>9</span> 
     </span>
    </p>
   </div>
   <div class='ocr_carea' id='block_1_9' title="bbox 262 3398 2292 4402">
    <p class='ocr_par' dir='ltr' id='par_1_9' title="bbox 269 3398 2292 3896">
     <span class='ocr_line' id='line_1_30' title="bbox 346 3398 2278 3484; baseline 0.001 -31"><span class='ocrx_word' id='word_1_214' title='bbox 346 3406 401 3453; x_wconf 78' lang='lat' dir='ltr'><strong>at</strong></span> <span class='ocrx_word' id='word_1_215' title='bbox 475 3416 504 3454; x_wconf 81' lang='lat' dir='ltr'><strong>e</strong></span> <span class='ocrx_word' id='word_1_216' title='bbox 530 3438 544 3453; x_wconf 93' lang='lat'><strong>.</strong></span> <span class='ocrx_word' id='word_1_217' title='bbox 571 3439 585 3453; x_wconf 93' lang='lat'><strong>.</strong></span> <span class='ocrx_word' id='word_1_218' title='bbox 616 3438 631 3454; x_wconf 93' lang='lat'><strong>.</strong></span> <span class='ocrx_word' id='word_1_219' title='bbox 657 3406 889 3455; x_wconf 79' lang='lat' dir='ltr'><strong>curaret.</strong></span> <span class='ocrx_word' id='word_1_220' title='bbox 963 3398 1183 3456; x_wconf 83' lang='lat' dir='ltr'><strong>Meusel</strong></span> <span class='ocrx_word' id='word_1_221' title='bbox 1225 3400 1305 3471; x_wconf 90' lang='lat' dir='ltr'><strong>(J.</strong></span> <span class='ocrx_word' id='word_1_222' title='bbox 1324 3403 1410 3467; x_wconf 69' lang='lat' dir='ltr'><strong>B„</strong></span> <span class='ocrx_word' id='word_1_223' title='bbox 1441 3400 1597 3469; x_wconf 85' lang='lat'><strong>1910,</strong></span> <span class='ocrx_word' id='word_1_224' title='bbox 1626 3419 1682 3472; x_wconf 88' lang='lat' dir='ltr'><strong>p.</strong></span> <span class='ocrx_word' id='word_1_225' title='bbox 1710 3400 1801 3484; x_wconf 78' lang='lat'><strong>56)</strong></span> <span class='ocrx_word' id='word_1_226' title='bbox 1822 3401 2084 3457; x_wconf 82' lang='lat' dir='ltr'><strong>brackets</strong></span> <span class='ocrx_word' id='word_1_227' title='bbox 2119 3400 2278 3457; x_wconf 84' lang='lat' dir='ltr'><strong>these</strong></span> 
     </span>
     <span class='ocr_line' id='line_1_31' title="bbox 271 3470 2280 3543; baseline 0 -16"><span class='ocrx_word' id='word_1_228' title='bbox 271 3487 389 3527; x_wconf 88' lang='lat' dir='ltr'><strong>wor</strong></span> <span class='ocrx_word' id='word_1_229' title='bbox 429 3489 471 3536; x_wconf 88' lang='lat' dir='ltr'><strong>s,</strong></span> <span class='ocrx_word' id='word_1_230' title='bbox 499 3470 839 3543; x_wconf 84' lang='lat' dir='ltr'><strong>remarking</strong></span> <span class='ocrx_word' id='word_1_231' title='bbox 872 3470 1005 3526; x_wconf 89' lang='lat' dir='ltr'><strong>that</strong></span> <span class='ocrx_word' id='word_1_232' title='bbox 1040 3471 1195 3527; x_wconf 85' lang='lat' dir='ltr'><strong>their</strong></span> <span class='ocrx_word' id='word_1_233' title='bbox 1225 3472 1500 3543; x_wconf 84' lang='lat' dir='ltr'><strong>meaning</strong></span> <span class='ocrx_word' id='word_1_234' title='bbox 1534 3470 1582 3527; x_wconf 88' lang='lat' dir='ltr'><strong>is</strong></span> <span class='ocrx_word' id='word_1_235' title='bbox 1619 3471 1960 3543; x_wconf 73' lang='lat' dir='ltr'><strong>sufficiently</strong></span> <span class='ocrx_word' id='word_1_236' title='bbox 1984 3473 2280 3542; x_wconf 86' lang='lat' dir='ltr'><strong>expressed</strong></span> 
     </span>
     <span class='ocr_line' id='line_1_32' title="bbox 269 3541 2280 3614; baseline 0.001 -17"><span class='ocrx_word' id='word_1_237' title='bbox 269 3543 347 3614; x_wconf 80' lang='lat' dir='ltr'><strong>by</strong></span> <span class='ocrx_word' id='word_1_238' title='bbox 375 3544 778 3612; x_wconf 57' lang='lat' dir='ltr'><strong>praeficeretur,</strong></span> <span class='ocrx_word' id='word_1_239' title='bbox 820 3541 937 3599; x_wconf 89' lang='lat' dir='ltr'><strong>and</strong></span> <span class='ocrx_word' id='word_1_240' title='bbox 973 3543 1119 3609; x_wconf 86' lang='lat' dir='ltr'><strong>that,</strong></span> <span class='ocrx_word' id='word_1_241' title='bbox 1157 3559 1220 3597; x_wconf 86' lang='lat' dir='ltr'><strong>ae</strong></span> <span class='ocrx_word' id='word_1_242' title='bbox 1264 3542 1584 3599; x_wconf 88' lang='lat' dir='ltr'><strong>Litaviccus</strong></span> <span class='ocrx_word' id='word_1_243' title='bbox 1619 3561 1734 3600; x_wconf 87' lang='lat' dir='ltr'><strong>was</strong></span> <span class='ocrx_word' id='word_1_244' title='bbox 1776 3542 2017 3600; x_wconf 81' lang='lat' dir='ltr'><strong>himself</strong></span> <span class='ocrx_word' id='word_1_245' title='bbox 2053 3547 2113 3598; x_wconf 93' lang='lat' dir='ltr'><strong>to</strong></span> <span class='ocrx_word' id='word_1_246' title='bbox 2149 3542 2280 3599; x_wconf 88' lang='lat' dir='ltr'><strong>lead</strong></span> 
     </span>
     <span class='ocr_line' id='line_1_33' title="bbox 271 3614 2280 3684; baseline 0 -16"><span class='ocrx_word' id='word_1_247' title='bbox 271 3614 374 3668; x_wconf 83' lang='lat' dir='ltr'><strong>the</strong></span> <span class='ocrx_word' id='word_1_248' title='bbox 411 3616 621 3684; x_wconf 86' lang='lat' dir='ltr'><strong>troops,</strong></span> <span class='ocrx_word' id='word_1_249' title='bbox 659 3614 776 3670; x_wconf 86' lang='lat' dir='ltr'><strong>and</strong></span> <span class='ocrx_word' id='word_1_250' title='bbox 812 3617 916 3669; x_wconf 88' lang='lat' dir='ltr'><strong>not</strong></span> <span class='ocrx_word' id='word_1_251' title='bbox 951 3617 1012 3670; x_wconf 90' lang='lat' dir='ltr'><strong>to</strong></span> <span class='ocrx_word' id='word_1_252' title='bbox 1049 3616 1273 3671; x_wconf 87' lang='lat' dir='ltr'><strong>cntrust</strong></span> <span class='ocrx_word' id='word_1_253' title='bbox 1309 3614 1469 3672; x_wconf 85' lang='lat' dir='ltr'><strong>them</strong></span> <span class='ocrx_word' id='word_1_254' title='bbox 1505 3617 1567 3669; x_wconf 90' lang='lat' dir='ltr'><strong>to</strong></span> <span class='ocrx_word' id='word_1_255' title='bbox 1605 3633 1641 3671; x_wconf 92' lang='lat' dir='ltr'><strong>a</strong></span> <span class='ocrx_word' id='word_1_256' title='bbox 1676 3614 2041 3671; x_wconf 81' lang='lat' dir='ltr'><strong>subordinate</strong></span> <span class='ocrx_word' id='word_1_257' title='bbox 2078 3615 2280 3679; x_wconf 86' lang='lat' dir='ltr'><strong>officer,</strong></span> 
     </span>
     <span class='ocr_line' id='line_1_34' title="bbox 271 3683 2283 3743; baseline -0.001 -2"><span class='ocrx_word' id='word_1_258' title='bbox 271 3689 486 3741; x_wconf 74' lang='lat' dir='ltr'><strong>duceret</strong></span> <span class='ocrx_word' id='word_1_259' title='bbox 508 3683 696 3741; x_wconf 85' lang='lat' dir='ltr'><strong>would</strong></span> <span class='ocrx_word' id='word_1_260' title='bbox 719 3685 789 3742; x_wconf 90' lang='lat' dir='ltr'><strong>be</strong></span> <span class='ocrx_word' id='word_1_261' title='bbox 816 3685 987 3742; x_wconf 90' lang='lat' dir='ltr'><strong>much</strong></span> <span class='ocrx_word' id='word_1_262' title='bbox 1012 3685 1202 3742; x_wconf 85' lang='lat' dir='ltr'><strong>better</strong></span> <span class='ocrx_word' id='word_1_263' title='bbox 1224 3687 1369 3742; x_wconf 89' lang='lat' dir='ltr'><strong>than</strong></span> <span class='ocrx_word' id='word_1_264' title='bbox 1393 3690 1641 3742; x_wconf 77' lang='lat' dir='ltr'><strong>ducenda</strong></span> <span class='ocrx_word' id='word_1_265' title='bbox 1665 3695 1894 3743; x_wconf 78' lang='lat' dir='ltr'><strong>curaret.</strong></span> <span class='ocrx_word' id='word_1_266' title='bbox 1959 3685 2079 3742; x_wconf 88' lang='lat' dir='ltr'><strong>The</strong></span> <span class='ocrx_word' id='word_1_267' title='bbox 2103 3686 2283 3743; x_wconf 88' lang='lat' dir='ltr'><strong>words</strong></span> 
     </span>
     <span class='ocr_line' id='line_1_35' title="bbox 270 3754 2292 3896; baseline 0 -84"><span class='ocrx_word' id='word_1_268' title='bbox 270 3754 735 3896; x_wconf 48' lang='lat' dir='ltr'><strong>wggfidoubtless</strong></span> <span class='ocrx_word' id='word_1_269' title='bbox 757 3756 1067 3829; x_wconf 81' lang='lat' dir='ltr'><strong>originally</strong></span> <span class='ocrx_word' id='word_1_270' title='bbox 1091 3756 1321 3815; x_wconf 83' lang='lat' dir='ltr'><strong>written</strong></span> <span class='ocrx_word' id='word_1_271' title='bbox 1355 3776 1417 3814; x_wconf 86' lang='lat' dir='ltr'><strong>as</strong></span> <span class='ocrx_word' id='word_1_272' title='bbox 1441 3774 1477 3813; x_wconf 95' lang='lat' dir='ltr'><strong>a</strong></span> <span class='ocrx_word' id='word_1_273' title='bbox 1500 3757 1787 3831; x_wconf 83' lang='lat' dir='ltr'><strong>marginal</strong></span> <span class='ocrx_word' id='word_1_274' title='bbox 1820 3756 2193 3829; x_wconf 84' lang='lat' dir='ltr'><strong>explanation</strong></span> <span class='ocrx_word' id='word_1_275' title='bbox 2225 3757 2292 3813; x_wconf 88' lang='lat' dir='ltr'><strong>of</strong></span> 
     </span>
    </p>

    <p class='ocr_par' dir='ltr' id='par_1_10' title="bbox 447 3835 665 3884">
     <span class='ocr_line' id='line_1_36' title="bbox 447 3835 665 3884; baseline -0.005 0"><span class='ocrx_word' id='word_1_276' title='bbox 447 3835 665 3884; x_wconf 67' lang='lat' dir='ltr'><strong>caretur.</strong></span> 
     </span>
    </p>

    <p class='ocr_par' dir='ltr' id='par_1_11' title="bbox 262 3847 2280 3972">
     <span class='ocr_line' id='line_1_37' title="bbox 262 3847 2280 3972; baseline 0 -17"><span class='ocrx_word' id='word_1_277' title='bbox 262 3847 311 3899; x_wconf 68' lang='lat' dir='ltr'><em>p</em></span> <span class='ocrx_word' id='word_1_278' title='bbox 348 3901 451 3965; x_wconf 81' lang='lat'><strong>38,</strong></span> <span class='ocrx_word' id='word_1_279' title='bbox 471 3897 501 3972; x_wconf 67' lang='grc' dir='ltr'><strong>ξ</strong></span> <span class='ocrx_word' id='word_1_280' title='bbox 525 3900 570 3955; x_wconf 90' lang='lat'><strong>1.</strong></span> <span class='ocrx_word' id='word_1_281' title='bbox 608 3918 731 3955; x_wconf 77' lang='lat' dir='ltr'><strong>cum</strong></span> <span class='ocrx_word' id='word_1_282' title='bbox 754 3903 913 3955; x_wconf 76' lang='lat' dir='ltr'><strong>milia</strong></span> <span class='ocrx_word' id='word_1_283' title='bbox 931 3940 947 3956; x_wconf 94' lang='lat'><strong>.</strong></span> <span class='ocrx_word' id='word_1_284' title='bbox 970 3941 984 3956; x_wconf 92' lang='lat'><strong>.</strong></span> <span class='ocrx_word' id='word_1_285' title='bbox 1006 3942 1018 3955; x_wconf 93' lang='lat'><strong>.</strong></span> <span class='ocrx_word' id='word_1_286' title='bbox 1039 3901 1252 3957; x_wconf 74' lang='lat' dir='ltr'><strong>abesset.</strong></span> <span class='ocrx_word' id='word_1_287' title='bbox 1326 3900 1432 3958; x_wconf 84' lang='lat' dir='ltr'><strong>See</strong></span> <span class='ocrx_word' id='word_1_288' title='bbox 1457 3902 1557 3957; x_wconf 90' lang='lat' dir='ltr'><strong>the</strong></span> <span class='ocrx_word' id='word_1_289' title='bbox 1577 3900 1785 3958; x_wconf 89' lang='lat' dir='ltr'><strong>second</strong></span> <span class='ocrx_word' id='word_1_290' title='bbox 1811 3904 1946 3957; x_wconf 89' lang='lat' dir='ltr'><strong>note</strong></span> <span class='ocrx_word' id='word_1_291' title='bbox 1969 3917 2044 3956; x_wconf 90' lang='lat' dir='ltr'><strong>on</strong></span> <span class='ocrx_word' id='word_1_292' title='bbox 2072 3898 2158 3965; x_wconf 80' lang='lat'><strong>40,</strong></span> <span class='ocrx_word' id='word_1_293' title='bbox 2181 3896 2280 3971; x_wconf 76' lang='lat'><strong>§4.</strong></span> 
     </span>
    </p>

    <p class='ocr_par' dir='ltr' id='par_1_12' title="bbox 352 3967 1884 4044">
     <span class='ocr_line' id='line_1_38' title="bbox 352 3967 1884 4044; baseline 0.001 -19"><span class='ocrx_word' id='word_1_294' title='bbox 352 3967 382 4042; x_wconf 65' lang='grc' dir='ltr'><strong>ξ</strong></span> <span class='ocrx_word' id='word_1_295' title='bbox 408 3970 461 4025; x_wconf 79' lang='grc'><strong>2.</strong></span> <span class='ocrx_word' id='word_1_296' title='bbox 496 3972 774 4027; x_wconf 74' lang='lat' dir='ltr'><strong>nobilitas.</strong></span> <span class='ocrx_word' id='word_1_297' title='bbox 845 3969 950 4028; x_wconf 87' lang='lat' dir='ltr'><strong>See</strong></span> <span class='ocrx_word' id='word_1_298' title='bbox 972 3972 1073 4029; x_wconf 91' lang='lat' dir='ltr'><strong>the</strong></span> <span class='ocrx_word' id='word_1_299' title='bbox 1098 3972 1308 4029; x_wconf 86' lang='lat' dir='ltr'><strong>second</strong></span> <span class='ocrx_word' id='word_1_300' title='bbox 1337 3977 1471 4029; x_wconf 90' lang='lat' dir='ltr'><strong>note</strong></span> <span class='ocrx_word' id='word_1_301' title='bbox 1495 3991 1569 4029; x_wconf 89' lang='lat' dir='ltr'><strong>on</strong></span> <span class='ocrx_word' id='word_1_302' title='bbox 1597 3973 1635 4039; x_wconf 88' lang='lat' dir='ltr'><strong>i,</strong></span> <span class='ocrx_word' id='word_1_303' title='bbox 1663 3972 1750 4039; x_wconf 81' lang='lat'><strong>31,</strong></span> <span class='ocrx_word' id='word_1_304' title='bbox 1778 3969 1808 4044; x_wconf 65' lang='grc' dir='ltr'><strong>ξ</strong></span> <span class='ocrx_word' id='word_1_305' title='bbox 1834 3972 1884 4027; x_wconf 86' lang='grc'><strong>6.</strong></span> 
     </span>
    </p>

    <p class='ocr_par' dir='ltr' id='par_1_13' title="bbox 274 4041 2290 4402">
     <span class='ocr_line' id='line_1_39' title="bbox 315 4041 2290 4171; baseline 0 -76"><span class='ocrx_word' id='word_1_306' title='bbox 315 4044 625 4167; x_wconf 43' lang='grc' dir='ltr'><strong>,ἕνέπσίρεε</strong></span> <span class='ocrx_word' id='word_1_307' title='bbox 638 4045 894 4169; x_wconf 58' lang='lat' dir='ltr'><strong>Scivittqltis</strong></span> <span class='ocrx_word' id='word_1_308' title='bbox 928 4060 1059 4170; x_wconf 50' lang='lat' dir='ltr'><strong>mttgy</strong></span> <span class='ocrx_word' id='word_1_309' title='bbox 1084 4044 1156 4100; x_wconf 91' lang='lat' dir='ltr'><strong>be</strong></span> <span class='ocrx_word' id='word_1_310' title='bbox 1185 4044 1581 4171; x_wconf 57' lang='lat' dir='ltr'><strong>trgnsla5teil9b</strong></span> <span class='ocrx_word' id='word_1_311' title='bbox 1635 4045 1792 4170; x_wconf 73' lang='lat' dir='ltr'><strong>3‘two</strong></span> <span class='ocrx_word' id='word_1_312' title='bbox 1818 4043 1885 4099; x_wconf 87' lang='lat' dir='ltr'><strong>of</strong></span> <span class='ocrx_word' id='word_1_313' title='bbox 1916 4060 2020 4099; x_wconf 88' lang='lat' dir='ltr'><strong>our</strong></span> <span class='ocrx_word' id='word_1_314' title='bbox 2055 4041 2290 4113; x_wconf 83' lang='lat' dir='ltr'><strong>leading</strong></span> 
     </span>
     <span class='ocr_line' id='line_1_40' title="bbox 276 4113 2289 4311; baseline -0.006 -72"><span class='ocrx_word' id='word_1_315' title='bbox 276 4131 331 4170; x_wconf 67' lang='lat' dir='ltr'><strong>m</strong></span> <span class='ocrx_word' id='word_1_316' title='bbox 353 4130 777 4267; x_wconf 53' lang='grc' dir='ltr'><strong>ξηξωήιροηῗοῗε.</strong></span> <span class='ocrx_word' id='word_1_317' title='bbox 838 4131 1230 4257; x_wconf 41' lang='grc' dir='ltr'><strong>ἯΟΡξυῩἸΞ.</strong></span> <span class='ocrx_word' id='word_1_318' title='bbox 1252 4113 1618 4257; x_wconf 63' lang='lat' dir='ltr'><strong>d.,§18’78‚’p.</strong></span> <span class='ocrx_word' id='word_1_319' title='bbox 1650 4155 1779 4256; x_wconf 61' lang='lat'>1⁶62)</span> <span class='ocrx_word' id='word_1_320' title='bbox 1795 4202 2076 4311; x_wconf 60' lang='lat' dir='ltr'><strong>proposes</strong></span> <span class='ocrx_word' id='word_1_321' title='bbox 2100 4185 2289 4253; x_wconf 69' lang='lat' dir='ltr'><strong>effuye.</strong></span> 
     </span>
     <span class='ocr_line' id='line_1_41' title="bbox 274 4253 2289 4328; baseline -0.001 -16"><span class='ocrx_word' id='word_1_322' title='bbox 274 4264 413 4312; x_wconf 71' lang='lat' dir='ltr'><strong>rum</strong></span> <span class='ocrx_word' id='word_1_323' title='bbox 434 4256 545 4311; x_wconf 86' lang='lat' dir='ltr'><strong>and</strong></span> <span class='ocrx_word' id='word_1_324' title='bbox 570 4274 633 4311; x_wconf 86' lang='lat' dir='ltr'><strong>m</strong></span> <span class='ocrx_word' id='word_1_325' title='bbox 656 4253 686 4328; x_wconf 64' lang='grc' dir='ltr'><strong>ξ</strong></span> <span class='ocrx_word' id='word_1_326' title='bbox 708 4257 741 4310; x_wconf 88' lang='grc'><strong>5</strong></span> <span class='ocrx_word' id='word_1_327' title='bbox 765 4259 1025 4327; x_wconf 65' lang='lat' dir='ltr'><strong>effuyioee,</strong></span> <span class='ocrx_word' id='word_1_328' title='bbox 1045 4258 1284 4314; x_wconf 84' lang='lat' dir='ltr'><strong>because</strong></span> <span class='ocrx_word' id='word_1_329' title='bbox 1311 4259 1412 4315; x_wconf 86' lang='lat' dir='ltr'><strong>the</strong></span> <span class='ocrx_word' id='word_1_330' title='bbox 1438 4275 1571 4313; x_wconf 90' lang='lat' dir='ltr'><strong>men</strong></span> <span class='ocrx_word' id='word_1_331' title='bbox 1588 4256 1775 4312; x_wconf 88' lang='lat' dir='ltr'><strong>whom</strong></span> <span class='ocrx_word' id='word_1_332' title='bbox 1839 4256 2114 4311; x_wconf 77' lang='lat' dir='ltr'><strong>itaviccus</strong></span> <span class='ocrx_word' id='word_1_333' title='bbox 2140 4260 2153 4283; x_wconf 92' lang='lat'>‘</span> <span class='ocrx_word' id='word_1_334' title='bbox 2174 4253 2289 4310; x_wconf 86' lang='lat' dir='ltr'><strong>had</strong></span> 
     </span>
     <span class='ocr_line' id='line_1_42' title="bbox 274 4325 2287 4402; baseline -0.001 -19"><span class='ocrx_word' id='word_1_335' title='bbox 274 4327 549 4384; x_wconf 84' lang='lat' dir='ltr'><strong>schooled</strong></span> <span class='ocrx_word' id='word_1_336' title='bbox 584 4326 647 4383; x_wconf 86' lang='lat' dir='ltr'><strong>in</strong></span> <span class='ocrx_word' id='word_1_337' title='bbox 683 4327 837 4384; x_wconf 88' lang='lat' dir='ltr'><strong>their</strong></span> <span class='ocrx_word' id='word_1_338' title='bbox 872 4332 1031 4399; x_wconf 85' lang='lat' dir='ltr'><strong>parts</strong></span> <span class='ocrx_word' id='word_1_339' title='bbox 1051 4329 1066 4352; x_wconf 83' lang='grc'>’</span> <span class='ocrx_word' id='word_1_340' title='bbox 1101 4327 1158 4402; x_wconf 65' lang='grc' dir='ltr'><strong>(ξ</strong></span> <span class='ocrx_word' id='word_1_341' title='bbox 1183 4330 1243 4401; x_wconf 83' lang='grc'><strong>4)</strong></span> <span class='ocrx_word' id='word_1_342' title='bbox 1267 4347 1415 4386; x_wconf 84' lang='lat' dir='ltr'><strong>were</strong></span> <span class='ocrx_word' id='word_1_343' title='bbox 1453 4327 1736 4400; x_wconf 82' lang='lat' dir='ltr'><strong>supposed</strong></span> <span class='ocrx_word' id='word_1_344' title='bbox 1771 4330 1832 4383; x_wconf 89' lang='lat' dir='ltr'><strong>to</strong></span> <span class='ocrx_word' id='word_1_345' title='bbox 1857 4328 1997 4383; x_wconf 87' lang='lat' dir='ltr'><strong>have</strong></span> <span class='ocrx_word' id='word_1_346' title='bbox 2026 4325 2287 4397; x_wconf 87' lang='lat' dir='ltr'><strong>escaped,</strong></span> 
     </span>
    </p>
   </div>
   <div class='ocr_carea' id='block_1_10' title="bbox 275 4396 1348 4554">
    <p class='ocr_par' dir='ltr' id='par_1_14' title="bbox 275 4396 1348 4554">
     <span class='ocr_line' id='line_1_43' title="bbox 275 4396 778 4470; baseline 0.002 -16"><span class='ocrx_word' id='word_1_347' title='bbox 275 4402 385 4454; x_wconf 86' lang='lat' dir='ltr'><strong>not</strong></span> <span class='ocrx_word' id='word_1_348' title='bbox 410 4397 627 4470; x_wconf 79' lang='lat' dir='ltr'><strong>merely</strong></span> <span class='ocrx_word' id='word_1_349' title='bbox 650 4396 778 4455; x_wconf 90' lang='lat' dir='ltr'><strong>fled.</strong></span> 
     </span>
     <span class='ocr_line' id='line_1_44' title="bbox 1227 4491 1348 4554; baseline 0 0"><span class='ocrx_word' id='word_1_350' title='bbox 1227 4503 1278 4554; x_wconf 81' lang='lat' dir='ltr'>X</span> <span class='ocrx_word' id='word_1_351' title='bbox 1306 4491 1348 4554; x_wconf 81' lang='grc'>2</span> 
     </span>
    </p>
   </div>
   <div class='ocr_carea' id='block_1_11' title="bbox 2400 995 2714 1843">
    <p class='ocr_par' dir='ltr' id='par_1_15' title="bbox 2400 995 2714 1843">
     <span class='ocr_line' id='line_1_45' title="bbox 2402 995 2646 1047; baseline -0.008 0"><span class='ocrx_word' id='word_1_352' title='bbox 2402 995 2646 1047; x_wconf 84' lang='lat' dir='ltr'><strong>marches</strong></span> 
     </span>
     <span class='ocr_line' id='line_1_46' title="bbox 2403 1063 2660 1113; baseline -0.004 0"><span class='ocrx_word' id='word_1_353' title='bbox 2403 1063 2540 1113; x_wconf 80' lang='lat' dir='ltr'><strong>with</strong></span> <span class='ocrx_word' id='word_1_354' title='bbox 2565 1064 2660 1112; x_wconf 86' lang='lat' dir='ltr'><strong>the</strong></span> 
     </span>
     <span class='ocr_line' id='line_1_47' title="bbox 2401 1129 2628 1180; baseline -0.009 0"><span class='ocrx_word' id='word_1_355' title='bbox 2401 1129 2628 1180; x_wconf 78' lang='lat' dir='ltr'><strong>Aeduan</strong></span> 
     </span>
     <span class='ocr_line' id='line_1_48' title="bbox 2403 1198 2612 1245; baseline 0 0"><span class='ocrx_word' id='word_1_356' title='bbox 2403 1198 2612 1245; x_wconf 88' lang='lat' dir='ltr'><strong>contin-</strong></span> 
     </span>
     <span class='ocr_line' id='line_1_49' title="bbox 2403 1262 2641 1325; baseline 0 -14"><span class='ocrx_word' id='word_1_357' title='bbox 2403 1264 2535 1325; x_wconf 82' lang='lat' dir='ltr'><strong>gent</strong></span> <span class='ocrx_word' id='word_1_358' title='bbox 2557 1262 2641 1311; x_wconf 75' lang='lat' dir='ltr'><strong>for</strong></span> 
     </span>
     <span class='ocr_line' id='line_1_50' title="bbox 2404 1329 2686 1391; baseline -0.011 -12"><span class='ocrx_word' id='word_1_359' title='bbox 2404 1329 2686 1391; x_wconf 73' lang='lat' dir='ltr'><strong>Gergovia,</strong></span> 
     </span>
     <span class='ocr_line' id='line_1_51' title="bbox 2404 1394 2693 1457; baseline 0.003 -14"><span class='ocrx_word' id='word_1_360' title='bbox 2404 1394 2693 1457; x_wconf 86' lang='lat' dir='ltr'><strong>persuades</strong></span> 
     </span>
     <span class='ocr_line' id='line_1_52' title="bbox 2406 1461 2643 1510; baseline 0 -1"><span class='ocrx_word' id='word_1_361' title='bbox 2406 1461 2560 1509; x_wconf 83' lang='lat' dir='ltr'><strong>them</strong></span> <span class='ocrx_word' id='word_1_362' title='bbox 2586 1465 2643 1510; x_wconf 85' lang='lat' dir='ltr'><strong>to</strong></span> 
     </span>
     <span class='ocr_line' id='line_1_53' title="bbox 2400 1525 2672 1588; baseline -0.004 -12"><span class='ocrx_word' id='word_1_363' title='bbox 2400 1525 2519 1588; x_wconf 81' lang='lat' dir='ltr'><strong>join</strong></span> <span class='ocrx_word' id='word_1_364' title='bbox 2548 1527 2672 1577; x_wconf 88' lang='lat' dir='ltr'><strong>Ver·</strong></span> 
     </span>
     <span class='ocr_line' id='line_1_54' title="bbox 2407 1593 2714 1656; baseline -0.007 -14"><span class='ocrx_word' id='word_1_365' title='bbox 2407 1593 2714 1656; x_wconf 83' lang='lat' dir='ltr'><strong>cingetorix,</strong></span> 
     </span>
     <span class='ocr_line' id='line_1_55' title="bbox 2404 1660 2621 1709; baseline -0.014 0"><span class='ocrx_word' id='word_1_366' title='bbox 2404 1660 2515 1709; x_wconf 79' lang='lat' dir='ltr'><strong>end</strong></span> <span class='ocrx_word' id='word_1_367' title='bbox 2538 1660 2621 1708; x_wconf 87' lang='lat' dir='ltr'><strong>in-</strong></span> 
     </span>
     <span class='ocr_line' id='line_1_56' title="bbox 2405 1725 2702 1776; baseline -0.01 0"><span class='ocrx_word' id='word_1_368' title='bbox 2405 1726 2590 1776; x_wconf 80' lang='lat' dir='ltr'><strong>ssames</strong></span> <span class='ocrx_word' id='word_1_369' title='bbox 2607 1725 2702 1774; x_wconf 86' lang='lat' dir='ltr'><strong>the</strong></span> 
     </span>
     <span class='ocr_line' id='line_1_57' title="bbox 2407 1792 2640 1843; baseline -0.013 0"><span class='ocrx_word' id='word_1_370' title='bbox 2407 1792 2640 1843; x_wconf 75' lang='lat' dir='ltr'><strong>Aeduan</strong></span> 
     </span>
    </p>
   </div>
   <div class='ocr_carea' id='block_1_12' title="bbox 2407 1858 2677 1974">
    <p class='ocr_par' dir='ltr' id='par_1_16' title="bbox 2407 1858 2677 1974">
     <span class='ocr_line' id='line_1_58' title="bbox 2407 1858 2664 1922; baseline -0.008 -15"><span class='ocrx_word' id='word_1_371' title='bbox 2407 1858 2664 1922; x_wconf 80' lang='lat' dir='ltr'><strong>populace</strong></span> 
     </span>
     <span class='ocr_line' id='line_1_59' title="bbox 2410 1923 2677 1974; baseline 0 0"><span class='ocrx_word' id='word_1_372' title='bbox 2410 1929 2466 1974; x_wconf 91' lang='lat' dir='ltr'><strong>to</strong></span> <span class='ocrx_word' id='word_1_373' title='bbox 2489 1923 2677 1974; x_wconf 84' lang='lat' dir='ltr'><strong>revolt.</strong></span> 
     </span>
    </p>
   </div>
  </div>
 </body>
</html>
