3177 5166
744 351 1474 420 COMMENTARIUS
1523 353 1698 419 VIII
2104 356 2230 419 385

214 522 497 605 occupat
555 517 696 584 suis
754 523 824 583 et
882 516 1243 606 Drappetis
1302 517 1509 605 copiis
1561 517 2055 606 oppidanosque
2106 518 2233 583 sibi

213 623 586 710 coniungit.

307 728 457 808 Quo
502 747 654 795 cum
701 725 1055 794 confestim
1110 726 1183 794 C.
1224 727 1550 795 Caninius
1599 728 1890 794 venisset
1934 728 2644 793 animad-38B100kade

214 837 642 919 verteretque
675 854 901 899 omnes
931 833 1158 921 oppidi
1189 837 1415 920 partes
1449 832 2015 920 praeruptissimis
2053 833 2235 899 saxis

153 958 184 1008 6
212 959 360 1003 esse
419 937 731 1017 munitas,
780 959 912 1023 quo
970 938 1372 1004 defendente
1431 937 1619 1003 nullo
1670 943 1896 1003 tamen
1955 938 2234 1003 armatis

210 1040 567 1108 ascendere
620 1046 795 1108 esset
846 1041 1127 1119 difficile,
1180 1064 1424 1129 magna
1481 1046 1707 1107 autem
1760 1041 2234 1128 impedimenta

210 1146 701 1233 oppidanorum
753 1147 1032 1227 videret,
1077 1168 1246 1234 quae
1296 1147 1353 1212 si
1401 1145 1816 1213 clandestina
1863 1145 2028 1232 fuga
2077 1147 2232 1212 sub·

209 1252 485 1318 trahere
520 1256 938 1329 conarentur,
968 1253 1255 1340 effugere
1293 1273 1427 1318 non
1462 1252 1660 1318 modo
1701 1251 2075 1338 equitatum
2114 1252 2229 1317 sed

208 1379 301 1423 ne
374 1357 666 1444 legiones
749 1357 1017 1443 quidem
1091 1361 1377 1443 possent,
1434 1356 1776 1443 tripertito
1846 1357 2230 1424 cohortibus

120 1484 183 1532 10
209 1462 453 1528 divisis
492 1461 676 1527 trina
718 1461 1163 1529 excelsissimo
1208 1462 1349 1529 loco
1388 1466 1610 1529 castra
1650 1460 1848 1541 facit3
1907 1483 1949 1526 a
1988 1461 2229 1548 quibus
2254 1474 2284 1521 2

208 1566 563 1654 paulatim,
621 1570 948 1652 quantum
1023 1567 1248 1654 copiae
1322 1566 1769 1653 patiebantur,
1830 1565 2080 1631 vallum
2157 1567 2227 1631 in

208 1671 443 1758 oppidi
488 1671 839 1739 circuitum
885 1671 1124 1738 ducere
1166 1671 1485 1738 instituit.

304 1775 500 1858 Quod
541 1797 690 1843 cum
731 1776 1340 1843 animadverterent
1374 1774 1691 1863 oppidani
1729 1775 2227 1861 miserrimaque
2251 1780 2352 1837 84

210 1880 482 1947 Alesiae
531 1880 851 1946 memoria
901 1880 1168 1947 solliciti
1220 1879 1502 1946 similem
1556 1901 1780 1946 casum
1833 1880 2226 1947 obsessionis

54 1962 59 2025 ξ
117 2006 181 2056 16
210 1989 608 2052 vererentur
675 1985 1093 2072 maximeque
1163 2008 1248 2051 ex
1316 1984 1627 2051 omnibus
1695 1984 2058 2065 Lucterius,
2109 1987 2224 2071 qui

208 2090 527 2157 fortunae
580 2089 761 2154 illius
818 2090 1186 2176 periculum
1240 2089 1506 2167 fecerat,
1552 2093 1852 2155 moneret
1903 2088 2224 2157 frumenti

205 2194 539 2261 rationem
600 2216 741 2260 esse
800 2193 1191 2271 habendam,
1236 2193 1659 2260 constituunt
1715 2194 2011 2259 omnium
2070 2215 2225 2261 con-

54 2292 81 2387 ξ
203 2319 409 2366 sensu
460 2304 651 2384 parte
702 2298 797 2364 ibi
849 2298 1083 2365 relicta
1127 2298 1466 2385 copiarum
1515 2298 1646 2385 ipsi
1692 2319 1844 2365 cum
1896 2299 2226 2385 expeditis

55 2394 71 2405 Ἰ
201 2404 290 2469 ad
345 2402 843 2490 importandum
898 2401 1311 2468 frumentum
1371 2402 1713 2490 proficisci.
1802 2401 1900 2468 Eo
1950 2403 2224 2470 consilio
2250 2415 2280 2464 2

108 2531 175 2580 20
200 2507 510 2596 probat0,
554 2508 862 2595 proxima
918 2511 1111 2574 nocte
1164 2507 1421 2573 duobus
1482 2507 1753 2572 milibus
1810 2512 2220 2574 armatorum

198 2613 458 2680 relictis
531 2613 820 2699 reliquos
893 2634 978 2679 ex
1044 2612 1287 2700 oppido
1355 2612 1657 2700 Drappes
1730 2616 1798 2678 et
1872 2611 2220 2679 Lucterius

82 2749 106 2788 c
198 2719 517 2785 educunt.
610 2715 705 2781 Hi
756 2737 1002 2804 paucos
1053 2717 1194 2783 dies
1240 2717 1483 2783 morati
1533 2738 1618 2782 ex
1671 2716 1916 2782 finibus
1963 2714 2218 2782 Cadur·
2244 2731 2275 2780 :3

79 2799 111 2904 ἶ,
194 2843 448 2901 corum,
516 2821 631 2907 qui
705 2821 952 2909 partim
1023 2843 1095 2888 re
1171 2820 1613 2887 frumentaria
1685 2820 2035 2887 sublevare
2108 2845 2217 2889 eos

55 2929 118 3036 {25¹3
193 2925 582 3014 cupiebant,
641 2925 887 3013 partim
961 2924 1313 3012 prohibere
1388 2947 1518 3011 quo
1584 2924 1806 2989 minus
1878 2934 2218 2993 sumerent

55 2997 167 3132 »ξε
193 3053 337 3098 non
369 3034 699 3117 poterant,
719 3050 1037 3118 magnum
1066 3051 1418 3095 numerum
1449 3029 1773 3095 frumenti
1808 3036 2213 3116 comparant,

55 3119 102 3172 ”
109 3135 116 3144 ’
191 3158 336 3204 non
357 3155 721 3222 numquam
741 3141 965 3201 autem
999 3133 1535 3220 expeditionibus
1563 3134 1908 3204 nocturnis
1943 3135 2216 3200 castella

54 3213 132 3322 ᾧ
190 3243 581 3308 nostrorum
612 3239 1025 3307 adoriuntur.
1115 3239 1332 3321 Quam
1362 3238 1448 3304 ob
1489 3260 1757 3306 causam
1788 3236 1864 3305 C.
1891 3236 2214 3305 Caninius
2241 3254 2269 3301 4

191 3350 344 3413 toto
396 3343 643 3431 oppido
695 3344 1095 3410 munitiones
1142 3343 1550 3410 circumdare
1602 3347 1920 3422 moratur,
1959 3364 2044 3408 ne
2095 3348 2215 3409 aut

54 3467 146 3546 s
187 3471 364 3538 opus
409 3449 715 3514 effectum
771 3449 944 3515 tueri
989 3470 1124 3515 non
1168 3448 1379 3536 possit
1422 3453 1543 3516 aut
1584 3448 1894 3536 plurimis
1938 3447 2008 3513 in
2053 3448 2214 3515 locis

147 3555 467 3630 >infirma
503 3551 814 3639 disponat
854 3553 1203 3640 praesidia.

282 3658 537 3745 Magna
557 3656 748 3744 copia
770 3656 1092 3723 frumenti
1116 3661 1500 3744 comparata
1529 3656 1887 3723 considunt
1910 3656 2213 3744 Drappes
2239 3668 2335 3725 35

55 3756 154 3836 f'
186 3768 260 3830 et
306 3761 662 3829 Lucterius
707 3781 842 3826 non
887 3761 1151 3849 longius
1195 3760 1282 3826 ab
1325 3760 1571 3848 oppido
1606 3760 1671 3825 X
1701 3760 1989 3838 milibus,
2034 3759 2211 3826 unde

184 3865 521 3958 paulatim
563 3863 974 3930 frumentum
1019 3866 1090 3929 in
1130 3864 1448 3952 oppidum
1489 3868 1980 3950 supportarent.
2069 3862 2208 3950 Ipsi
2235 3871 2265 3918 2

54 3634 154 3666 i

157 4095 174 4110 f
259 4063 368 4126 38,
394 4056 426 4131 ξ
456 4057 504 4113 1.
543 4075 654 4114 non
679 4059 849 4115 modo.
911 4057 1114 4115 Notice
1139 4058 1266 4115 that
1291 4057 1534 4113 another
1559 4074 1671 4113 non
1696 4056 1744 4112 is
1768 4056 2126 4123 understood,
2146 4073 2208 4112 as

55 4111 159 4264 A
183 4100 446 4274 mani}
455 4127 506 4257 ῧξ
530 4130 645 4273 4quo
671 4204 856 4257 minus
878 4200 926 4257 is
951 4205 1055 4257 not
1081 4200 1219 4257 used
1244 4200 1381 4256 with
1400 4200 1683 4271 prohibere
1704 4199 1778 4270 by
1804 4197 2028 4255 Caesar.

259 4275 501 4331 castella.
576 4272 658 4328 Cf.
686 4271 749 4340 ii,
776 4273 862 4337 30,
888 4271 1009 4346 §23
1048 4270 1143 4340 vii,
1167 4272 1257 4342 69,
1284 4270 1391 4359 §Z

261 4344 293 4420 ξ
320 4346 375 4399 4.
415 4363 460 4398 οι
464 4363 521 4399 rc
526 4346 752 4399 umdare
769 4351 1029 4400 moratur.
1094 4345 1302 4399 Moram
1328 4361 1378 4399 ιε
1401 4359 1573 4399 never
1594 4342 1731 4399 used
1755 4340 1897 4398 with
1919 4358 1994 4396 an
2019 4339 2205 4397 infini-

185 4416 351 4480 kive
335 4434 398 4471 ιιι
423 4414 572 4487 good
596 4432 778 4486 prose.

295 4539 366 4575 100
366 4540 427 4574 9-3
1144 4520 1185 4568 O
1216 4525 1250 4568 e

2375 800 2437 850 of
2455 800 2569 851 Uxe
2572 799 2670 850 llo·

2377 865 2606 916 dununn
