3177 5166
877 337 1006 399 262
1440 332 1563 398 DE
1611 331 1896 398 BELLO
1943 330 2335 400 GALLICO
2625 336 2636 345 '
3081 0 3111 441 ι

878 498 1211 585 cupiditas
1262 494 1509 562 multos
1555 495 1821 584 longius
1872 496 2192 564 evocabat
2241 500 2312 563 et
2364 497 2571 562 silvae
2624 494 2916 562 incertis

880 604 1283 690 occultisque
1353 602 1710 668 itineribus
1778 600 2114 668 confertos
2183 602 2368 668 adire
2432 601 2912 689 prohibebant.

822 722 852 772 5
884 709 958 774 Si
989 708 1330 796 negotium
1354 707 1585 774 confici
1616 706 2024 795 stirpemque
2054 707 2397 774 hominum
2427 707 2912 773 sceleratorum

881 812 1167 879 interfici
1191 811 1411 890 vellet,
1436 811 1875 878 dimittendae
1896 812 2120 900 plures
2143 834 2381 877 manus
2410 812 2912 898 diducendique

826 933 855 980 6
882 921 1076 984 erant
1113 917 1396 998 milites3
1441 918 1497 982 si
1542 916 1881 983 continere
1912 916 1998 982 ad
2037 917 2230 1006 signa
2268 916 2643 1004 manipulos
2670 915 2910 994 vellet,
2938 928 2970 978 5
3115 916 3116 967 l

885 1026 964 1090 ut
1022 1023 1339 1089 instituta
1396 1022 1570 1087 ratio
1630 1026 1700 1088 et
1756 1023 2165 1089 consuetudo
2223 1022 2555 1089 exercitus
2615 1021 2908 1088 Romani

885 1127 1284 1216 postulabat,
1320 1126 1503 1193 locus
1555 1128 1695 1214 ipse
1740 1131 1888 1193 erat
1949 1127 2278 1215 praesidio
2329 1127 2647 1208 barbariS,
2685 1149 2909 1214 neque

886 1255 972 1299 ex
1041 1230 1300 1298 occulto
1370 1231 1733 1297 insidiandi
1803 1237 1873 1298 et
1943 1232 2272 1320 dispersos
2340 1231 2909 1299 circumveniendi

832 1351 860 1405 7
887 1336 1171 1425 singulis
1217 1335 1447 1401 deerat
1489 1335 1785 1402 audacia.
1875 1337 1977 1402 Ut
2022 1337 2092 1401 in
2138 1337 2281 1403 eius
2327 1337 2504 1404 modi
2552 1337 2909 1404 difficulta-

888 1442 1071 1507 tibus
1120 1446 1448 1528 quantum
1500 1440 1854 1527 diligentia
1905 1442 2242 1529 provideri
2288 1447 2553 1530 poterat
2597 1443 2911 1531 provide·
2936 1456 3000 1503 10

891 1547 1110 1622 batur,
1140 1548 1219 1609 ut
1247 1543 1475 1630 potius
1515 1543 1585 1608 in
1620 1545 1916 1612 nocendo
1953 1546 2208 1633 aliquid
2240 1548 2915 1634 praetermitteretur,

892 1652 1016 1716 etsi
1071 1648 1368 1715 omnium
1419 1648 1626 1715 animi
1680 1650 1768 1715 ad
1818 1649 2262 1717 ulciscendum
2317 1652 2661 1733 ardebant,
2704 1675 2913 1739 quam

455 1777 749 1830 Caeam-in-
836 1777 866 1825 8
896 1778 1045 1821 cum
1089 1754 1315 1840 aliquo
1359 1753 1648 1819 militum
1699 1753 2099 1821 detrimento
2147 1760 2511 1822 noceretur.
2603 1755 2916 1823 Dimittit

457 1847 714 1975 ζξξέὴξὴθ
895 1860 982 1926 ad
1025 1859 1347 1924 finitimas
1392 1857 1702 1924 civitates
1746 1859 2020 1925 nuntios
2062 1859 2347 1928 Caesar:
2404 1883 2632 1927 omnes
2675 1866 2918 1927 evocat

459 1980 621 2029 heure
644 1980 704 2028 of
895 1987 1009 2052 spe
1062 1962 1347 2050 praedae
1400 1962 1485 2027 ad
1549 1962 1959 2051 diripiendos
2010 1964 2372 2042 Eburone8‚
2417 1971 2495 2031 ut
2553 1967 2780 2053 potius
2841 1967 2914 2031 in
2945 1979 3006 2028 15

458 2046 716 2160 ξξξξῖζ·
896 2067 1086 2133 silvis
1130 2067 1474 2134 Gallorum
1519 2067 1666 2132 vita
1715 2089 1914 2154 quam
1970 2068 2372 2156 legionarius
2417 2070 2608 2137 miles
2650 2071 2915 2158 pericli-

460 2176 627 2292 ἓξὲξ*
897 2176 1097 2251 tetur,
1128 2171 1327 2237 simul
1357 2177 1436 2238 ut
1465 2193 1712 2259 magna
1741 2172 2176 2239 multitudine
2204 2173 2610 2241 circumfusa
2636 2197 2757 2263 pro
2789 2177 2916 2241 tali

841 2298 871 2344 9
899 2276 1192 2342 facinore
1236 2277 1442 2363 stirps
1486 2298 1563 2343 ac
1607 2298 1848 2342 nomen
1900 2276 2199 2344 civitatis
2242 2278 2534 2345 tollatur.
2624 2279 2921 2367 Magnus

900 2381 1194 2468 undique
1237 2402 1554 2447 numerus
1598 2381 1902 2447 celeriter
1941 2382 2269 2449 convenit.
3121 2336 3129 2561 l

461 2511 574 2560 'rhe
776 2496 872 2554 35
988 2485 1171 2551 Haec
1225 2485 1294 2549 in
1347 2486 1656 2551 omnibus
1708 2486 2095 2553 Eburonum
2148 2488 2453 2574 partibus
2509 2488 2924 2575 gerebantur
2949 2506 3018 2553 20

462 2578 746 2642 Sugambri
900 2592 1172 2678 diesque
1230 2591 1590 2679 adpetebat
1651 2591 1827 2670 vn„
1875 2614 2068 2679 quem
2129 2593 2214 2658 ed
2285 2593 2460 2660 diem
2521 2593 2769 2661 caesar
2828 2595 2922 2660 ed
3119 2566 3131 3010 Ι

464 2644 691 2707 respond
719 2649 773 2696 to

463 2712 772 2827 {being-iga·
841 2717 871 2765 2
900 2696 1375 2784 impedimenta
1423 2696 1880 2784 legionemque
1932 2698 2182 2764 reverti
2231 2698 2689 2766 constituerat.
2781 2698 2924 2766 Hic

491 2793 593 2837 ion,
657 2793 689 2826 u

463 2845 766 2894 determine
902 2805 1229 2888 quantum
1282 2801 1350 2865 in
1406 2801 1582 2867 bello
1627 2801 1903 2868 fortuna
1954 2803 2166 2889 possit
2209 2809 2279 2869 et
2322 2807 2606 2889 quantos
2647 2803 2925 2870 adferat

465 2910 741 3027 2233&
844 2924 873 2972 3
901 2928 1092 2973 casus
1122 2906 1423 2993 cognosci
1464 2907 1705 2992 potuit.
1792 2905 2154 2993 Dissipatis
2195 2928 2272 2973 ac
2300 2907 2676 2993 perterritis
2705 2908 2924 2975 hosti·

902 3013 1046 3093 buS,
1118 3016 1198 3077 ut
1269 3011 1894 3092 demonstravimus,
1954 3033 2191 3077 manus
2269 3015 2415 3078 erat
2487 3012 2672 3078 nulla
2745 3035 2924 3100 quae
2952 3032 3020 3081 25

847 3135 874 3181 4
902 3139 1179 3204 parvam
1227 3116 1422 3182 modo
1465 3138 1731 3182 causam
1777 3116 2039 3181 timoris
2082 3115 2394 3182 adferret.
2487 3115 2699 3182 Trans
2738 3117 2923 3183 Rhe·
3121 3029 3131 3302 *

905 3243 1065 3286 num
1127 3221 1210 3286 ad
1273 3221 1638 3286 Germanos
1700 3220 2008 3307 pervenit
2069 3220 2252 3286 fama
2310 3219 2512 3308 diripi
2573 3220 2926 3287 Eburones

981 3460 1010 3535 ξ
1036 3463 1091 3519 4.
1127 3465 1351 3518 incertis
1384 3502 1396 3516 .
1425 3504 1438 3519 .
1467 3502 1480 3517 .
1516 3462 1806 3516 itineribus
1829 3459 1878 3514 is
1907 3458 2156 3516 ablative
2180 3458 2454 3515 absolute.
2527 3460 2763 3514 Incertis
2783 3458 2927 3515 here

908 3552 1104 3590 means
1146 3536 1161 3564 ‘
1182 3532 1500 3590 ill-defined
1517 3535 1529 3556 '
1555 3553 1567 3602 ;
1625 3532 1740 3588 and
1788 3532 1890 3588 the
1941 3535 2108 3588 exact
2156 3530 2428 3600 meaning
2477 3530 2543 3585 of
2586 3531 2810 3585 occultis
2858 3530 2928 3592 is,

909 3605 931 3659 1
988 3606 1173 3672 think,
1223 3607 1370 3672 that,
1419 3604 1564 3661 owin
1655 3607 1718 3661 to
1768 3603 1866 3659 the
1914 3602 2320 3674 undergrowth
2372 3602 2484 3657 and
2532 3601 2634 3657 the
2687 3602 2924 3657 natural

909 3678 1181 3734 darkness
1217 3678 1284 3734 of
1315 3678 1414 3734 the
1451 3625 1654 3742 woogS,
1693 3675 1790 3731 the
1830 3676 2000 3758 paths
2036 3692 2176 3731 were
2207 3672 2483 3730 ‘hidden’
2519 3672 2584 3728 in
2619 3673 2719 3729 the
2758 3690 2928 3729 sense

910 3751 976 3804 of
998 3749 1267 3806 ‘difficult
1302 3751 1362 3805 to
1397 3747 1624 3804 follow’
1655 3747 1742 3817 (or
1770 3747 2102 3812 ‘discern’).

982 3821 1012 3895 ξ
1041 3823 1091 3877 5.
1128 3825 1278 3876 vellet
1302 3820 1350 3875 is
1373 3820 1507 3890 only
1534 3819 1714 3875 found
1741 3818 1799 3873 in
1819 3822 1933 3874 two
1958 3816 2197 3874 inferior
2221 3814 2415 3883 MSS.;
2444 3816 2569 3884 but,
2591 3814 2743 3872 aster
2765 3833 2930 3873 some

909 3893 1241 3960 hesitation,
1274 3894 1298 3947 1
1334 3893 1513 3961 adopt
1548 3891 1647 3946 the
1681 3889 1938 3961 reading,
1973 3889 2208 3945 because
2240 3890 2342 3943 the
2381 3886 2605 3958 subject
2639 3887 2705 3944 of
2731 3890 2930 3942 vellent

910 3965 1098 4025 would
1118 3965 1187 4021 be
1209 3964 1420 4033 utterly
1443 3960 1778 4019 uncertain:
1814 3962 1864 4016 it
1889 3959 2165 4031 mightbe
2189 3963 2351 4030 leqati
2367 3977 2430 4016 or
2454 3961 2666 4014 trfbmu’
2683 3962 2932 4014 militum

909 4059 975 4098 or
997 4040 1349 4096 centuriones.
1412 4034 1520 4090 For
1543 4034 1642 4090 the
1666 4049 1822 4089 same
1848 4050 2046 4088 reason
2067 4032 2091 4085 1
2113 4032 2248 4088 read
2272 4034 2437 4098 vellet,
2459 4030 2643 4086 which
2668 4030 2719 4085 is
2743 4030 2931 4086 found

909 4113 966 4167 in
1042 4154 1055 4176 ,
1083 4109 1145 4163 in
1173 4106 1203 4180 ξ
1230 4109 1281 4164 6.
1358 4107 1425 4161 In
1454 4106 1659 4176 regard
1683 4108 1745 4160 to
1770 4105 1874 4161 the
1899 4104 2069 4160 mood
2093 4120 2184 4160 see
2206 4102 2308 4160 the
2331 4105 2469 4159 note
2495 4120 2570 4158 on
2597 4120 2645 4170 v,
2672 4102 2762 4170 35,
2791 4101 2825 4174 ξ
2848 4103 2912 4158 4.

1043 4181 1097 4237 6.
1130 4179 1210 4235 As
1233 4182 1294 4235 to
1319 4180 1635 4248 manipulos
1658 4193 1748 4233 see
1774 4195 1830 4247 p.
1856 4174 1997 4231 lxiii.

980 4251 1324 4323 simmia—³
1341 4247 1689 4305 individuale
1706 4248 1740 4319 ’,
1766 4248 1893 4303 who
1916 4245 2289 4318 temporarily
2318 4245 2639 4303 combined.

980 4329 1081 4391 35,
1109 4322 1137 4396 ξ
1168 4325 1216 4379 1.
1294 4340 1430 4377 uem
1453 4324 1528 4375 ad
1557 4323 1717 4387 diem,
1741 4319 2046 4391 compared
2063 4317 2204 4374 with
2229 4337 2418 4390 quam
2444 4321 2517 4373 ad
2545 4320 2686 4374 diem
2712 4316 2831 4372 and
2858 4321 2938 4373 ad

912 4415 1045 4453 cam
1070 4399 1211 4451 diem
1239 4342 1347 4464 (ΞΒ,
1379 4391 1443 4465 ἕξ
1468 4393 1617 4460 4-5),
1646 4391 1695 4446 is
1720 4390 2092 4447 remarkable.
