3177 5166
928 343 1057 407 226
1495 336 1616 403 DE
1663 334 1947 402 BELLO
1994 331 2386 402 GALLICO
2433 349 2438 354 ’

929 501 1440 589 Cingetorigem,
1488 499 1766 566 alterius
1817 498 2180 586 principem
2244 496 2568 576 factionis,
2623 517 2968 583 generum

928 628 1140 684 suum,
1173 627 1368 692 quem
1409 625 1614 691 supra
1653 602 2257 670 demonstravimus
2296 600 2599 668 Caesaris
2641 605 2964 666 secutum

932 711 1128 777 fidem
1174 711 1261 776 ab
1304 731 1382 775 eo
1425 730 1559 775 non
1606 707 1997 788 discessisse,
2042 706 2297 772 hostem
2344 706 2597 771 iudicat
2640 705 2968 792 bonaque

876 837 904 883 4
932 816 1074 881 eius
1126 814 1439 902 publicat.
1529 812 1659 878 His
1709 813 1907 878 rebus
1956 809 2293 889 confectis,
2343 810 2415 875 in
2464 808 2743 876 concilio
2795 831 2967 896 pro·

932 919 1203 984 nuntiat
1271 916 1656 984 arcessitum
1726 939 1796 982 se
1861 938 1903 982 a
1963 915 2338 982 Senonibus
2407 920 2477 981 et
2535 913 2968 981 Carnutibus
2997 923 3031 973 5

877 1048 907 1097 5
933 1023 1212 1110 aliisque
1252 1021 1705 1108 compluribus
1744 1020 1998 1086 Galliae
2042 1015 2471 1098 civitatibus3
2522 1020 2651 1085 huc
2690 1018 2964 1084 iturum

934 1150 1054 1216 per
1094 1129 1260 1192 fines
1302 1127 1658 1191 Remorum
1700 1146 2057 1211 eorumque
2098 1145 2294 1211 agros
2335 1124 2813 1211 populaturum
2858 1146 2964 1203 ac,

935 1232 1121 1319 prius
1152 1253 1350 1317 quam
1383 1230 1452 1295 id
1484 1229 1710 1309 faciat,
1740 1233 1959 1295 castra
1985 1226 2260 1294 Labieni
2292 1230 2862 1317 oppugnaturum.

483 1358 593 1410 and
617 1359 795 1408 boneta
813 1356 908 1418 57
1024 1337 1209 1418 Quae
1262 1335 1404 1401 fieri
1454 1334 1623 1399 velit
1675 1333 2014 1421 praecipit.
2106 1332 2455 1409 Labienus,
2497 1355 2649 1399 cum
2701 1336 2772 1398 et
2826 1332 2962 1398 loci

486 1422 797 1555 &gig-”¹²⁸³
936 1446 1180 1506 natura
1225 1444 1294 1505 et
1337 1461 1540 1504 manu
1587 1437 2053 1504 munitissimis
2096 1438 2331 1503 castris
2374 1459 2514 1505 sese
2560 1442 2842 1517 teneret,
2873 1437 2966 1503 de
2996 1450 3063 1496 10

938 1567 1060 1610 suo
1099 1567 1174 1610 ac
1213 1543 1492 1630 legionis
1534 1542 1828 1630 periculo
1871 1542 2038 1606 nihil
2085 1542 2383 1619 timebat,
2412 1564 2496 1607 ne
2532 1563 2730 1628 quam
2768 1563 2966 1608 occa-

882 1673 913 1721 2
940 1649 1189 1714 sionem
1214 1648 1308 1713 rei
1340 1647 1506 1712 bene
1535 1646 1863 1734 gerendae
1887 1645 2256 1712 dimitteret
2275 1646 2626 1734 cogitabat.
2708 1645 2966 1733 Itaque

940 1776 981 1818 a
1012 1750 1439 1839 Cingetorige
1470 1757 1672 1837 atque
1713 1750 1855 1816 eius
1894 1751 2286 1838 propinquis
2313 1751 2613 1818 oratione
2650 1750 2967 1817 Indutio-

943 1856 1110 1921 mari
1141 1856 1409 1942 cognita
1430 1876 1628 1940 quam
1662 1855 1733 1920 in
1765 1855 2041 1921 concilio
2070 1854 2413 1934 habuerat,
2437 1856 2709 1921 nuntios
2739 1855 2968 1921 mittit

943 1959 1027 2025 ad
1063 1959 1383 2025 finitimas
1423 1958 1732 2024 civitates
1768 1959 2152 2045 equitesque
2189 1958 2485 2046 undique
2529 1965 2798 2038 evocat3
2855 1959 2970 2024 his
2997 1974 3062 2022 15

887 2091 915 2138 3
942 2067 1187 2130 certam
1220 2063 1393 2129 diem
1426 2063 1862 2129 conveniendi
1895 2063 2073 2128 dicit.
2164 2062 2445 2129 Interim
2479 2084 2683 2149 prope
2712 2063 2969 2128 cotidie

943 2189 1092 2233 cum
1163 2167 1353 2233 omni‘
1405 2166 1710 2252 equitatu
1778 2165 2279 2232 Indutiomarus
2338 2168 2464 2232 sub
2520 2167 2755 2234 castris
2814 2167 2969 2232 eius

946 2271 1336 2358 vagabatur,
1367 2270 1534 2336 alias
1563 2276 1643 2335 ut
1682 2270 1886 2336 situm
1926 2275 2291 2338 castrorum
2322 2276 2757 2359 cognosceret,
2790 2271 2969 2336 alias

943 2375 1378 2461 conloquendi
1424 2380 1545 2440 aut
1590 2374 1946 2440 territandi
1986 2397 2218 2456 causa3
2271 2376 2527 2462 equites
2570 2376 2969 2463 plerumque

890 2500 917 2547 4
945 2501 1170 2546 omnes
1220 2479 1354 2544 tela
1407 2479 1585 2544 intra
1638 2477 1890 2543 vallum
1941 2479 2327 2546 coiciebant.
2419 2480 2757 2546 Labienus
2806 2502 2972 2546 suos
2997 2499 3061 2548 20

946 2585 1126 2650 intra
1184 2583 1624 2651 munitionem
1692 2582 2074 2650 continebat
2133 2585 2523 2671 timorisque
2580 2583 2966 2672 opinionem

948 2689 1471 2776 quibuscumque
1516 2690 1783 2774 poterat
1824 2689 2022 2754 rebus
2064 2689 2370 2777 augebat.

826 2809 921 2865 58
1035 2794 1206 2859 Cum
1243 2793 1491 2858 maiore
1531 2792 1602 2857 in
1635 2792 1775 2858 dies
1815 2794 2303 2879 contemptione
2335 2792 2837 2859 Indutiomarus
2878 2795 2969 2861 ad

948 2902 1166 2964 castra
1209 2896 1564 2974 accederet,
1597 2901 1790 2962 nocte
1835 2919 1972 2963 una
2016 2898 2413 2967 intromissis
2452 2898 2789 2985 equitibus
2828 2921 2969 2965 om-

948 3003 1135 3067 nium
1187 3001 1629 3067 finitimarum
1677 3000 2031 3067 civitatum
2084 3024 2248 3088 quos
2298 3002 2719 3069 arcessendos
2773 3024 2969 3069 cura-
2994 3025 3053 3073 25

950 3112 1160 3187 verat,
1220 3109 1413 3171 tanta
1473 3105 1824 3193 diligentia
1882 3128 2109 3172 omnes
2178 3128 2332 3172 suos
2400 3105 2719 3172 custodiis
2783 3106 2970 3173 intra

950 3215 1168 3277 castra
1210 3209 1545 3276 continuit
1590 3215 1668 3275 ut
1706 3210 1894 3276 nulla
1922 3210 2180 3277 ratione
2217 3233 2295 3277 ea
2335 3232 2438 3277 res
2472 3211 2808 3277 enuntiari
2845 3218 2967 3278 aut

893 3332 923 3382 2
950 3315 1035 3380 ad
1066 3314 1387 3379 Treveros
1418 3312 1701 3399 perferri
1733 3319 1970 3401 posset.
2062 3313 2343 3381 Interim
2374 3338 2460 3382 ex
2489 3315 2966 3382 consuetudine

950 3417 1288 3484 cotidiana
1340 3418 1839 3484 Indutiomarus
1898 3419 1980 3484 ad
2033 3424 2251 3486 castra
2304 3420 2558 3487 accedit
2607 3424 2810 3506 atque
2869 3420 2960 3486 ibi

954 3544 1262 3608 magnam
1306 3525 1562 3608 partem
1607 3522 1739 3587 diei
1783 3523 2113 3589 consumit
2130 3544 2146 3602 3
2201 3525 2458 3610 equites
2500 3523 2639 3591 tela
2676 3523 2965 3591 coiciunt
2989 3528 3049 3578 ⁸⁰

955 3631 1026 3691 et
1097 3647 1341 3712 magna
1411 3647 1559 3691 cum
1640 3626 2043 3693 contumelia
2117 3627 2469 3694 verborum
2547 3634 2807 3695 nostros
2879 3628 2961 3695 ad

899 3759 929 3807 3
956 3751 1249 3816 pugnam
1311 3733 1609 3796 evocant.
1703 3730 1909 3795 Nullo
1966 3730 2052 3796 ab
2111 3732 2355 3797 nostris
2413 3731 2573 3799 dato
2631 3754 2960 3819 respons0,

956 3833 1070 3899 ubi
1131 3833 1349 3898 visum
1409 3838 1528 3911 est,
1587 3833 1712 3898 sub
1772 3855 2119 3919 vesperum
2180 3834 2455 3921 dispersi
2524 3859 2599 3902 ac
2659 3836 2961 3924 dissipati

954 4103 990 4156 4
1029 4029 1136 4174 {33⁶
1174 4048 1329 4104 quem
1353 4048 1523 4101 supra
1546 4032 2026 4087 demonstravimus
2053 4075 2065 4088 .
2093 4073 2106 4086 .
2133 4074 2147 4089 .
2172 4035 2485 4089 discessisse.
2558 4033 2647 4090 cf.
2669 4035 2720 4105 8,
2742 4033 2809 4109 ἕξ
2828 4035 2963 4103 2-5;

1027 4172 1183 4245 57,§
1220 4172 1272 4229 2.
1326 4175 1522 4244 equites
1546 4215 1559 4228 .
1587 4214 1602 4229 .
1629 4211 1643 4226 .
1671 4184 1857 4230 evocat.
1931 4174 2007 4230 As
2044 4174 2092 4232 it
2128 4193 2242 4232 was
2278 4174 2501 4245 winter,
2539 4176 2824 4235 Labienus
2856 4179 2963 4236 had
3125 4200 3135 4265 2

956 4245 1095 4314 only
1119 4261 1155 4299 a
1181 4245 1290 4300 few
1317 4244 1542 4314 cavalry
1564 4243 1707 4299 with
1736 4245 1873 4301 him.
1952 4246 2055 4303 See
2082 4247 2182 4304 the
2208 4246 2415 4305 second
2440 4251 2574 4305 note
2602 4265 2674 4304 on
2699 4249 2788 4318 46,
2819 4248 2920 4323 §4
3077 4270 3082 4273 ⁴

1027 4314 1178 4389 58,§
1209 4316 1255 4372 1.
1294 4318 1625 4373 intromissis
1642 4319 1921 4388 equitibus.
1980 4316 2292 4390 Evidently
2310 4319 2410 4375 the
2430 4319 2712 4377 Treveran
2734 4324 2963 4381 senti-ies

958 4403 1100 4442 were
1127 4385 1467 4456 excessively
1494 4387 1752 4444 careless.
