3177 5166
767 310 1493 381 COMMENTARIUS
1544 311 1681 377 VII
2107 314 2232 382 311

318 476 493 540 Dum
539 475 700 540 haec
743 475 830 539 ad
876 474 1275 562 Gergoviam
1318 479 1662 559 geruntur,
1695 474 1962 540 Haedui
2007 473 2239 562 primis
2262 483 2360 541 42
2381 489 2641 552 ontrages

231 580 485 646 nuntiis
531 581 616 645 ab
662 579 1000 646 Litavicco
1046 579 1335 667 acceptis
1387 579 1646 646 nullum
1694 579 1820 645 sibi
1866 581 1953 646 ad
1999 603 2238 668 cogno·

230 684 544 750 scendum
573 684 864 771 spatium
895 683 1305 769 relinquunt.
1394 683 1693 769 Impellit
1730 683 1896 750 a'lios
1933 683 2238 758 avaritia,
2262 706 2295 757 2

230 787 396 854 alios
425 786 770 853 iracundia
792 792 862 853 et
889 786 1244 866 temeritas,
1264 808 1433 872 quae
1456 787 1747 854 maxime
1771 787 1868 852 illi
1894 788 2239 855 hominum

169 917 204 967 5
231 891 458 979 generi
503 896 604 957 est
652 890 905 969 innata,
943 895 1023 956 ut
1065 888 1279 955 levem
1324 890 1734 957 auditionem
1782 892 2074 959 habeant
2119 915 2241 979 pro

235 1019 305 1062 re
374 999 729 1083 comperta.
820 995 1009 1060 Bona
1076 993 1326 1059 civium
1387 995 1838 1062 Romanorum
1896 997 2242 1086 diripiunt,
2267 1015 2298 1063 3

232 1100 461 1167 caedes
520 1100 796 1176 faciunt,
845 1098 917 1163 in
986 1098 1380 1170 ser-vitutem
1441 1100 1858 1168 abstrahunt.
1944 1101 2244 1168 A'diu‘vat
2269 1114 2296 1163 4

234 1227 373 1271 rem
397 1204 832 1292 proclinatam
852 1202 1405 1271 Convictolitavis
1428 1203 1816 1292 plebemque
1839 1205 1925 1272 ad
1950 1205 2243 1273 furorem

236 1309 538 1396 impellit,
590 1313 670 1374 ut
727 1308 1021 1380 facinore
1089 1307 1374 1374 admisso
1432 1308 1519 1373 ad
1582 1311 1940 1377 sanitatem
1998 1311 2244 1377 reverti

132 1431 206 1478 10
235 1413 499 1501 pudeat.
591 1413 683 1482 M.
752 1411 1102 1490 Aristium,
1165 1412 1510 1479 tribunum
1586 1415 1898 1496 militum,
1959 1415 2090 1481 iter
2161 1415 2248 1480 ad
2273 1428 2304 1477 5

235 1518 561 1606 legionem
631 1515 984 1583 facientem
1041 1515 1173 1582 fide
1232 1516 1392 1582 data
1450 1539 1535 1582 ex
1596 1518 1841 1606 oppido
1900 1518 2250 1586 Cavillono

237 1622 564 1702 educunt3
605 1619 781 1686 idem
814 1619 1032 1687 facere
1062 1625 1310 1707 cogunt
1339 1643 1449 1686 eos
1490 1622 1606 1707 qui
1637 1621 2021 1709 negotiandi
2052 1644 2251 1690 causa

237 1727 334 1792 ibi
393 1725 854 1793 constiterant.
945 1724 1088 1790 Hos
1146 1724 1463 1791 continuo
1519 1724 1676 1811 (in)
1734 1724 1971 1791 itinere
2030 1725 2247 1792 adorti
2275 1739 2305 1786 6

238 1831 545 1898 omnibus
620 1828 1139 1916 impedimentis·
1178 1834 1474 1906 exuunt3
1554 1835 2004 1917 repugnantes
2074 1829 2250 1897 diem

140 1951 211 2000 15
239 1942 630 2021 noctemque
711 1933 1052 2012 obsident;
1156 1931 1386 1998 multis
1458 1933 1797 2021 utrimque
1878 1932 2251 2002 interfectis

240 2040 557 2106 maiorem
602 2036 1104 2104 multitudinem
1151 2036 1237 2101 ad
1282 2058 1469 2102 arma
1511 2037 1868 2104 concitant.

328 2143 610 2209 Interim
652 2140 891 2208 nuntio
935 2140 1161 2207 adlato
1199 2162 1427 2206 omnes
1471 2163 1699 2207 eorum
1737 2141 1985 2208 milites
2025 2141 2095 2207 in
2136 2164 2250 2230 po-
2275 2157 2375 2213 43

243 2253 486 2316 testate
524 2245 827 2314 Caesaris
870 2245 1102 2326 teneri,
1132 2248 1537 2311 concurrunt
1577 2244 1665 2309 ad
1704 2245 2050 2327 Aristium,
2082 2246 2252 2312 nihil

241 2353 506 2442 publico
536 2351 791 2417 factum
831 2348 1104 2416 consilio
1143 2348 1641 2430 demonstrant;
1686 2351 2135 2436 quaestionem
2173 2350 2255 2415 de
2280 2362 2311 2409 2

143 2477 214 2523 20
243 2457 433 2524 bonis
484 2457 766 2545 direptis
817 2454 1197 2531 decernunt,
1237 2452 1560 2520 Litavicci
1614 2455 2031 2543 fratrumque
2083 2456 2257 2521 bona

243 2561 606 2651 publicant,
651 2559 905 2648 legatos
957 2558 1044 2624 ad
1090 2556 1440 2626 Caesarem
1492 2556 1598 2624 sui
1652 2559 1985 2647 purgandi
2036 2559 2259 2647 gratia

245 2669 549 2734 mittunt.
617 2666 802 2732 Haec
825 2665 1085 2732 faciunt
1108 2663 1706 2750 recuperandorum
1730 2685 2000 2731 suorum
2023 2685 2256 2745 causa3
2282 2678 2313 2726 3

246 2772 360 2838 sed
385 2769 821 2839 contaminati
848 2768 1139 2835 facinore
1162 2772 1232 2833 et
1249 2767 1427 2854 capti
1451 2767 1838 2855 compendio
1868 2790 1950 2834 ex
1978 2768 2258 2856 direptis

247 2876 455 2955 bonis,
500 2873 675 2961 quod
730 2895 808 2938 ea
860 2893 965 2938 res
1021 2871 1108 2936 ad
1158 2870 1405 2936 multos
1463 2871 1860 2958 pertinebat,
1905 2877 1973 2938 et
2020 2872 2256 2938 timore

150 2999 221 3050 25
247 3002 495 3067 poenae
526 2977 833 3044 exterriti
873 2974 1149 3043 consilia
1186 2974 1357 3040 clam
1389 2973 1471 3039 de
1511 2974 1686 3041 bello
1726 2974 1894 3041 inire
1929 2974 2260 3063 incipiunt

247 3084 686 3169 civitatesque
747 3081 1037 3167 reliquas
1094 3078 1538 3166 legationibus
1603 3079 1981 3147 sollicitant.
2072 3079 2258 3160 Quae
2284 3095 2314 3145 4

247 3189 517 3256 tametsi
566 3187 812 3255 Caesar
878 3184 1325 3272 intellegebat,
1370 3188 1595 3250 tamen
1656 3206 1854 3271 quam
1913 3184 2262 3252 mitissime

249 3299 471 3381 potest
515 3292 769 3379 legatos
812 3288 1144 3377 appellat:
1198 3288 1368 3354 nihil
1412 3310 1482 3354 se
1526 3294 1800 3376 propter
1841 3288 2259 3354 inscientiam

250 3399 719 3484 levitatemque
751 3394 938 3483 vulgi
968 3392 1246 3481 gravius
1286 3392 1368 3458 de
1398 3391 1674 3459 civitate
1715 3391 2007 3460 iudicare
2048 3414 2262 3480 neque

158 3526 225 3574 :30
250 3503 331 3569 de
399 3523 522 3568 sua
590 3502 661 3567 in
723 3500 1041 3566 Haeduos
1097 3495 1560 3564 benevolentia
1619 3496 2022 3564 deminuere.
2110 3497 2261 3584 Ipse
2287 3517 2317 3569 5

250 3608 567 3673 maiorem
617 3604 875 3671 Galliae
933 3609 1189 3669 motum
1250 3603 1625 3687 expectans,
1670 3622 1755 3666 ne
1811 3600 1899 3665 ab
1956 3601 2264 3667 omnibus

250 3712 639 3779 civitatibus
733 3708 1350 3786 circumsisteretur,
1413 3704 1688 3772 consilia
1778 3704 1995 3772 inibat
2068 3728 2264 3792 quem

251 3817 336 3883 ad
390 3815 658 3883 modum
706 3837 748 3879 a
801 3812 1135 3900 Gergovia
1186 3809 1551 3877 discederet
1605 3831 1682 3875 ac
1727 3831 1957 3876 rursus
2002 3831 2265 3876 omnem

322 3935 430 3997 42,
469 3928 498 4005 ξ
539 3931 587 3988 2.
627 3934 716 3987 illa·
750 3934 1031 3988 hominum
1065 3934 1282 3999 yenen‘z
1331 3932 1435 3986 not
1471 3929 1568 3985 the
1606 3927 1788 3984 Aedui
1828 3927 1978 3997 only,
2017 3926 2122 3981 but
2164 3923 2264 3983 the

252 4004 428 4061 Gauls
459 4003 754 4076 generally
777 4021 875 4059 are
909 4005 1120 4058 meant.
1191 4001 1315 4059 One
1348 3999 1536 4074 might
1565 3998 1841 4056 translate
1872 4016 2007 4070 quae
2030 3998 2267 4053 maxime

254 4118 270 4136 .
298 4121 311 4135 .
340 4117 354 4132 .
380 4080 580 4131 innata
601 4075 676 4147 by
700 4075 1003 4147 (rashness)
1035 4078 1048 4103 ‘
1064 4091 1138 4129 an
1165 4071 1364 4130 innate
1391 4071 1615 4143 quality
1638 4071 1705 4126 of
1721 4071 1821 4126 the
1846 4087 1978 4126 race
1998 4070 2032 4123 ⁹.

324 4151 430 4215 48,
458 4145 488 4220 ᾗ
513 4146 565 4208 2.
602 4150 694 4202 eui
709 4149 1011 4220 pumandi.
1085 4144 1189 4201 See
1216 4145 1317 4202 the
1343 4144 1548 4200 second
1575 4146 1712 4199 note
1739 4159 1810 4198 on
1839 4138 1921 4207 iii,
1947 4141 1998 4205 6,
2027 4137 2057 4212 ξ
2088 4138 2136 4194 1.

327 4218 356 4292 ξ
396 4220 446 4274 5.
495 4238 533 4273 a
584 4220 1042 4287 &movim—not
1093 4220 1106 4245 ‘
1127 4216 1274 4273 from
1326 4214 1642 4285 Gergovia’
1693 4212 1906 4279 (which
1952 4210 2140 4267 would
2194 4211 2264 4266 be

257 4289 661 4418 ⁶}Igeffle‘1ss3
687 4289 785 4345 the
818 4286 1065 4345 ablativo
1097 4287 1288 4358 alone)
1316 4287 1423 4343 but
1450 4292 1462 4314 ⁴
1485 4287 1631 4343 from
1665 4285 1766 4342 the
1799 4281 2265 4354 neighbourhood

425 4380 451 4416 r
528 4379 581 4416 vl
650 4399 666 4419 .

255 4381 288 4419 0
328 4380 526 4490 ruff-852
546 4473 560 4488 .
584 4379 644 4490 a·
671 4434 1018 4489 contmheret.
1090 4430 1173 4487 Cf.
1201 4430 1289 4497 34,
1319 4428 1385 4503 ἕξ
1416 4429 1533 4484 1-2.

2379 557 2439 605 of
2460 554 2561 605 the

2380 621 2559 672 Aedui

2355 729 2364 736 .
2382 687 2597 750 against

2383 754 2589 803 Roman

2381 820 2624 871 citizens.

2405 3513 2643 3575 Anxiety
2660 3511 2719 3561 of

2405 3582 2614 3631 Caesar.
