3177 5166
851 305 932 367 16
1408 303 1529 369 DE
1575 304 1862 370 BELLO
1908 303 2297 372 GALLIOO

848 468 1014 532 rime
1053 467 1492 545 confecerant,
1520 472 1600 533 ut
1637 468 1884 534 fiumen
1924 469 2307 546 transirent,
2336 468 2524 533 illum
2571 489 2705 533 uno
2745 468 2854 531 die

847 572 1081 639 fecisse
1133 571 1612 659 intellegerem,
1658 572 1912 660 legatos
1961 573 2047 637 ad
2092 595 2242 638 eum
2288 573 2609 653 mittunt3
2663 574 2854 637 cuius

846 676 1199 763 legationis
1259 675 1498 745 Divico
1555 677 1861 764 princeps
1920 676 2072 755 fuit,
2127 677 2242 763 qui
2303 676 2474 741 bello
2536 676 2856 741 Cassiano

793 793 823 841 3
847 780 988 846 dux
1038 780 1500 846 Helvetiorum
1551 780 1796 846 fuerat.
1886 780 1958 846 Is
2008 780 2108 845 ita
2152 802 2303 847 cum
2351 779 2634 847 Caesare
2683 780 2856 866 egit:

848 885 904 949 si
941 885 1490 973 pacempopulus
1531 884 1871 951 Romanus
1909 906 2060 951 cum
2107 884 2439 951 Helvetiis
2482 884 2753 961 faceret,
2784 885 2854 948 in
2885 899 2918 945 5

849 1012 994 1055 eam
1048 995 1307 1076 partem
1356 990 1570 1054 ituros
1617 994 1821 1075 atque
1871 989 1966 1056 ibi
2019 988 2285 1055 futuros
2338 988 2688 1054 Helvetios
2739 988 2855 1052 ubi

793 1108 822 1154 4
849 1115 961 1159 eos
1020 1092 1265 1165 Caesar
1322 1093 1778 1159 constituisset
1845 1098 2048 1179 atque
2117 1115 2260 1159 esse
2321 1093 2676 1173 voluisset3
2750 1092 2856 1157 sin

852 1197 1022 1263 bello
1062 1196 1366 1284 persequi
1410 1202 1886 1283 perseveraret,
1927 1197 2459 1263 reminisceretur
2500 1203 2569 1261 et
2612 1197 2859 1261 veteris

849 1301 1247 1373 incommodi
1291 1302 1521 1388 populi
1566 1300 1848 1367 Romani
1896 1305 1966 1367 et
2008 1301 2331 1389 pristinae
2375 1300 2649 1366 virtutis
2695 1299 2857 1365 Hel-

794 1424 823 1471 6
852 1402 1198 1479 vetiorum.
1309 1405 1502 1485 Quod
1570 1404 1931 1492 improviso
2003 1426 2212 1471 unum
2271 1425 2519 1493 pagum
2582 1403 2857 1469 adortus
2884 1417 2953 1464 10

849 1514 1038 1589 esset,
1088 1531 1237 1577 cum
1297 1509 1347 1574 ii
1409 1509 1524 1595 qui
1574 1510 1824 1576 flumen
1876 1509 2274 1576 transissent
2329 1509 2469 1574 suis
2527 1508 2855 1574 auxilium

848 1615 1024 1680 ferre
1054 1635 1187 1680 non
1218 1617 1509 1699 possent,
1539 1635 1622 1678 ne
1652 1613 1738 1679 ob
1766 1635 1914 1679 eam
1944 1617 2233 1695 remant
2271 1634 2430 1678 suae
2460 1633 2858 1699 magnopere

794 1736 824 1783 6
852 1718 1091 1784 virtuti
1113 1717 1440 1783 tribueret
1460 1722 1582 1782 aut
1603 1717 1780 1804 ipsos
1803 1717 2183 1805 despiceret.
2261 1716 2346 1783 Se
2370 1717 2468 1781 ita
2490 1738 2531 1780 a
2552 1715 2860 1802 patribus

850 1821 1341 1907 maioribusque
1399 1821 1538 1886 suis
1607 1820 1930 1901 didicisse,
1985 1826 2063 1887 ut
2121 1821 2335 1907 magis
2394 1820 2647 1885 virtute
2708 1841 2859 1884 con-

795 1934 823 1987 7
852 1925 1203 1993 tenderent
1246 1946 1446 2011 quam
1490 1925 1644 1991 dolo
1684 1929 1804 1991 aut
1846 1925 2108 1991 insidiis
2153 1924 2547 1991 niterentur.
2639 1922 2861 2002 Quare
2889 1941 2956 1988 15

851 2052 934 2096 ne
1007 2029 1453 2097 committeret
1520 2032 1604 2094 ut
1677 2029 1734 2094 is
1809 2028 1989 2095 locus
2057 2028 2174 2094 ubi
2243 2027 2702 2094 constitissent
2776 2049 2861 2092 ex

849 2134 1229 2201 calamitate
1277 2133 1506 2221 populi
1562 2133 1844 2200 Romani
1893 2136 1962 2199 et
2019 2132 2468 2199 internecione
2528 2130 2862 2197 exercitus

850 2260 1091 2304 nomen
1121 2244 1387 2325 caperet
1415 2241 1535 2303 aut
1564 2238 1950 2303 memoriam
1980 2237 2305 2324 proderet.

729 2350 826 2407 14
939 2342 1069 2407 His
1098 2341 1343 2408 Caesar
1364 2342 1463 2407 ita
1484 2341 1863 2428 respondit:
1909 2363 1987 2406 eo
2017 2340 2145 2407 sibi
2175 2344 2398 2406 minus
2420 2338 2861 2405 dubitationis

850 2447 1014 2525 dari,
1047 2446 1223 2532 quod
1264 2468 1375 2511 eas
1420 2467 1525 2511 res
1570 2467 1737 2531 quas
1773 2445 1978 2532 legati
2019 2443 2318 2510 Helvetii
2357 2464 2858 2511 commemoras·
2889 2456 2958 2503 20

849 2555 1001 2618 sent
1059 2550 1378 2616 memoria
1434 2553 1711 2630 teneret,
1757 2554 1960 2636 atque
2019 2571 2097 2614 eo
2152 2547 2428 2636 gravius
2492 2547 2668 2613 ferre
2728 2568 2862 2632 quo

793 2672 823 2719 2
853 2656 1073 2721 minus
1146 2655 1385 2720 merito
1449 2654 1678 2741 populi
1748 2653 2030 2720 Romani
2103 2652 2527 2730 accidissent3
2612 2651 2727 2737 qui
2802 2652 2860 2716 si

851 2759 1130 2826 alicuius
1202 2759 1488 2823 iniuriae
1558 2757 1689 2823 sibi
1756 2757 2056 2824 conscius
2131 2756 2386 2833 fuisset,
2452 2777 2587 2821 non
2651 2755 2859 2820 fuisse

851 2863 1115 2930 difficile
1162 2885 1432 2943 cavere;
1493 2862 1611 2928 sed
1658 2883 1735 2927 eo
1787 2861 2155 2948 deceptum,
2203 2860 2379 2948 quod
2427 2880 2642 2945 neque
2684 2881 2858 2924 com-

851 2969 1126 3033 missum
1178 2991 1222 3033 a
1278 2989 1348 3033 se
1399 2966 1820 3054 intellegeret
1868 2988 2074 3053 quare
2125 2965 2394 3032 timeret
2442 2984 2658 3049 neque
2716 2963 2860 3028 sine
2888 2974 2956 3021 25

797 3088 826 3135 3
851 3093 1051 3137 causa
1077 3071 1451 3137 timendum
1480 3075 1771 3158 putaret.
1846 3070 2039 3150 Quod
2069 3070 2127 3134 si
2150 3068 2395 3135 veteris
2423 3066 2861 3135 contumeliae

924 3281 954 3347 δ
980 3283 1031 3338 2.
1072 3291 1134 3337 ut
1145 3286 1362 3352 flumen
1386 3285 1702 3337 transirent.
1774 3280 1879 3336 See
1905 3279 2005 3335 the
2030 3282 2163 3335 note
2189 3296 2263 3335 on
2290 3280 2340 3344 5,
2433 3278 2480 3334 1.

926 3342 1029 3425 ξὸ.
1067 3354 1187 3410 The
1224 3353 1596 3424 conjunction
1631 3355 1787 3424 quod,
1813 3369 1877 3407 as
1912 3350 2012 3407 the
2050 3351 2246 3407 reader
2276 3350 2350 3406 wi
2433 3347 2623 3405 notice
2660 3347 2721 3402 in
2757 3348 2861 3405 the

854 3442 1045 3481 course
1070 3426 1138 3481 of
1157 3425 1274 3480 this
1295 3424 1459 3491 book,
1476 3425 1580 3480 has
1604 3423 1828 3479 various
1853 3439 2059 3478 senses.
2120 3422 2270 3479 Here
2294 3421 2344 3477 it
2362 3419 2651 3492 evidently
2669 3436 2862 3476 means

857 3501 949 3551 ‘as
982 3500 1043 3552 to
1068 3498 1165 3552 the
1189 3497 1313 3553 fact
1336 3494 1467 3552 that
1488 3496 1520 3563 ⁹,
1547 3496 1655 3551 but
1688 3494 1790 3551 the
1826 3494 1982 3550 force
2019 3492 2086 3550 of
2114 3493 2234 3548 this
2269 3492 2488 3563 clumsy
2513 3493 2718 3564 phrase
2754 3508 2862 3547 can

852 3568 921 3622 be
946 3567 1115 3637 given
1154 3567 1215 3623 in
1247 3567 1489 3624 another
1511 3565 2015 3637 way,-‘Granted
2046 3565 2178 3621 that
2211 3565 2284 3620 he
2307 3562 2424 3619 had
2444 3562 2730 3633 surprised
2755 3580 2861 3620 one

855 3639 982 3694 clan
1004 3681 1017 3694 .
1046 3680 1058 3691 .
1088 3681 1100 3694 .
1120 3640 1193 3694 he
1218 3639 1362 3694 need
1387 3643 1489 3695 not
1509 3637 1796 3696 therefore
1822 3639 2162 3709 exaggerate
2186 3635 2275 3691 his
2299 3653 2426 3692 own
2450 3635 2700 3706 powers,’
2718 3636 2823 3690 διο.

925 3708 955 3781 ξ
993 3710 1044 3765 6.
1082 3712 1457 3765 contenderent
1494 3728 1660 3782 quam
1694 3711 1815 3765 dolo
1852 3709 1900 3764 is
1936 3726 2013 3764 an
2048 3707 2434 3775 emendation,
2471 3706 2749 3776 proposed
2787 3707 2822 3761 b

854 3780 920 3837 B.
946 3780 1166 3838 Dinter.
1242 3780 1361 3836 The
1389 3780 1504 3837 MS.
1534 3780 1786 3853 reading,
1925 3799 1977 3833 m
2011 3782 2132 3835 dolo
2167 3782 2554 3842 contenderent,
2581 3776 2741 3832 altho
2820 3724 2862 3831 ἔ

854 3851 1054 3909 Heller
1099 3851 1224 3922 (Ph.
1268 3854 1478 3923 Suppl„
1511 3852 1666 3923 1889,
1699 3869 1755 3923 p.
1867 3851 1926 3923 9)
1972 3851 2077 3906 has
2123 3849 2403 3906 defended
2452 3849 2516 3916 it,
2560 3847 2609 3903 is
2656 3848 2761 3903 har
2801 3849 2863 3919 ly

849 3923 1262 3995 grammatical.

921 3998 1016 4062 14,
1043 3995 1073 4068 ξ
1098 3995 1148 4050 3.
1209 3995 1329 4051 The
1354 3994 1490 4065 only
1514 4011 1641 4065 way
1667 3994 1735 4048 of
1757 3992 2106 4062 translating
2136 3993 2238 4049 the
2263 3994 2385 4048 first
2484 3994 2570 4059 od,
2593 3989 2782 4047 which
2811 3989 2862 4045 is

852 4067 1072 4138 merely
1096 4084 1131 4122 a
1155 4066 1505 4138 connecting
1528 4063 1790 4148 particle,
1815 4063 1864 4120 is
1888 4069 1949 4121 to
1975 4063 2120 4120 omit
2145 4063 2208 4119 it.
2277 4063 2395 4118 Our
2439 4080 2589 4133 angu
2724 4062 2862 4118 does

852 4142 956 4193 not
992 4137 1219 4209 require
1255 4137 1396 4195 such
1433 4155 1469 4194 a
1505 4137 1630 4192 hnk
1666 4136 1925 4193 between
1961 4136 2064 4192 the
2099 4137 2215 4192 two
2246 4137 2566 4192 sentences.
2704 4132 2861 4190 eusel

854 4210 940 4278 (L.
963 4212 1038 4276 C„
1055 4209 1137 4276 iii,
1160 4210 1321 4278 1536)
1348 4209 1579 4293 regards
1603 4207 1722 4264 this
1744 4211 1886 4279 Quod
1909 4226 1972 4264 as
1995 4225 2031 4262 a
2056 4206 2291 4263 relative
2317 4223 2610 4277 pronoun;
2647 4205 2762 4260 and
2787 4204 2861 4260 he

844 4281 1057 4420 (ινριέἱιὲ
1088 4280 1370 4420 ἱῖιῐθτρτθὲ
1419 4285 1484 4350 1t,
1537 4278 1563 4334 1
1615 4295 1879 4350 suppose,
1927 4297 1990 4335 as
2046 4276 2325 4348 meaning
2370 4283 2383 4306 ‘
2401 4278 2479 4332 As
2526 4280 2588 4333 to
2638 4275 2823 4332 which
2843 4276 2859 4299 ’

875 4394 889 4418 ,
920 4369 941 4405 1
970 4393 982 4416 ,
1063 4370 1108 4406 c.
1142 4390 1155 4405 .
