3177 5166
863 309 1595 377 COMMENTARIUS
1641 311 1676 376 I
2199 317 2284 377 39

268 496 499 542 vocem
559 475 929 564 exprimere
993 483 1235 564 posset,
1280 477 1455 543 idem
1515 476 1898 544 Diviciacus
1959 478 2280 543 Haeduus

266 579 649 666 respondit:
694 581 817 647 hoc
848 603 988 647 esse
1010 581 1418 648 miseriorem
1440 588 1510 649 et
1537 582 1913 670 graviorem
1937 582 2277 648 fortunam
2305 595 2334 642 4

270 684 733 770 Sequanorum
763 708 963 772 quam
994 687 1419 773 reliquorum,
1443 688 1621 774 quod
1650 688 1773 753 soli
1802 708 1886 752 ne
1923 688 1994 751 in
2025 687 2281 754 occulto

269 788 541 875 quidem
613 790 800 876 queri
873 813 1086 877 neque
1144 791 1471 856 auxilium
1543 791 1897 878 implorare
1956 791 2283 858 auderent

205 913 240 961 5
268 894 698 980 absentisque
757 895 1083 961 Ariovisti
1143 895 1624 974 crudelitatem,
1676 895 1865 961 velut
1934 895 1990 960 si
2061 917 2279 961 coram

268 997 550 1076 adesset,
608 1000 976 1084 horrerent,
1032 1003 1386 1086 propterea
1459 999 1636 1086 quod
1711 999 1982 1086 reliquis
2056 1004 2281 1064 tamen
2309 1015 2338 1063 5

272 1100 477 1188 fugae
518 1102 804 1169 facultas
845 1103 1138 1184 daretur,
1174 1104 1502 1190 Sequanis
1544 1126 1719 1183 vem,
1750 1104 1865 1189 qui
1896 1104 2079 1169 intra
2118 1104 2283 1169 fines

269 1227 428 1271 suos
479 1207 892 1273 Ariovistum
953 1208 1370 1295 recepissent,
1416 1230 1699 1295 quorum
1758 1207 2004 1295 oppida
2060 1210 2283 1274 omnia

272 1311 346 1375 in
391 1315 724 1398 potestate
767 1312 909 1379 eius
954 1317 1192 1395 essent,
1223 1335 1450 1378 omnes
1493 1313 1828 1378 cruciatus
1872 1316 2091 1378 essent
2135 1334 2279 1399 per-

172 1435 246 1483 10
275 1414 556 1481 ferendi.

363 1520 494 1586 His
536 1521 734 1587 rebus
777 1520 1062 1608 cognitis
1097 1520 1343 1587 Caesar
1378 1520 1720 1587 Gallorum
1765 1519 2023 1586 animos
2063 1521 2285 1587 verbis
2312 1526 2406 1582 33
2426 1539 2665 1590 Caeam-'s

276 1626 697 1691 confirmavit
762 1625 1229 1712 pollicitusque
1299 1629 1402 1690 est
1470 1625 1600 1690 sibi
1672 1647 1820 1690 eam
1890 1646 2031 1690 rem
2090 1646 2286 1691 curae

277 1730 618 1808 futuram3
679 1752 990 1817 magnam
1038 1752 1108 1795 se
1158 1729 1400 1795 habere
1458 1751 1642 1816 spem
1692 1733 1763 1795 et
1805 1728 2121 1795 beneficio
2166 1752 2287 1794 suo

276 1842 345 1900 et
403 1835 802 1900 auctoritate
860 1834 1223 1900 adductum
1279 1834 1696 1900 Ariovistum
1755 1834 1955 1899 finem
2023 1833 2287 1899 iniuriis

181 1956 250 2005 15
280 1940 635 2005 facturum.
726 1938 872 2005 Hac
939 1938 1238 2004 oratione
1308 1939 1540 2004 habita
1598 1939 1948 2005 concilium
2010 1937 2285 2006 dimisit.

282 2044 371 2109 Et
418 2042 777 2110 secundum
829 2066 909 2128 ea
950 2043 1203 2109 multae
1247 2065 1351 2108 res
1395 2065 1546 2109 eum
1594 2043 2038 2109 hortabantur
2082 2064 2287 2128 quare
2312 2059 2342 2105 2

278 2148 408 2213 sibi
468 2170 614 2213 eam
674 2170 813 2212 rem
864 2146 1285 2234 cogitandam
1340 2150 1410 2212 et
1457 2146 1947 2234 suscipiendam
1997 2152 2284 2234 putaret,

279 2253 351 2316 in
411 2252 646 2339 primis
715 2251 890 2337 quod
951 2251 1285 2328 Haeduos,
1332 2250 1573 2316 fratres
1637 2250 2287 2337 consanguineosque

278 2378 473 2443 saepe
492 2378 768 2422 numero
787 2378 828 2421 a
847 2361 1084 2421 senatu
1102 2355 1487 2442 appellatos
1505 2356 1574 2420 in
1594 2355 1917 2420 servitute
1935 2358 2138 2441 atque
2159 2353 2285 2444 [in]

178 2478 252 2526 20
278 2460 536 2527 dicione
566 2460 839 2525 videbat
869 2458 1351 2525 Germanorum
1386 2458 1598 2524 teneri
1639 2478 1995 2544 eorumque
2025 2458 2287 2524 obsides

278 2588 421 2632 esse
449 2564 628 2652 apud
661 2563 1075 2630 Ariovistum
1112 2585 1189 2630 ac
1220 2564 1560 2649 Sequanos
1602 2563 2066 2651 intellegebat3
2111 2563 2285 2649 quod

279 2670 353 2734 in
393 2673 585 2734 tanto
628 2668 906 2754 imperio
950 2668 1179 2755 populi
1220 2667 1501 2734 Romani
1542 2668 2000 2755 turpissimum
2046 2668 2175 2733 sibi
2218 2673 2289 2734 et

279 2774 377 2840 rei
414 2773 717 2860 publicae
756 2793 895 2838 esse
930 2772 1404 2838 arbitrabatur.
1494 2772 1828 2838 Paulatim
1867 2776 2094 2838 autem
2126 2772 2288 2837 Ger·
2317 2787 2346 2834 3

281 2901 515 2945 manos
566 2898 987 2945 consuescere
1035 2876 1343 2942 Rhenum
1404 2877 1691 2942 transire
1749 2882 1820 2942 et
1877 2876 1948 2941 in
2002 2876 2288 2941 Galliam

182 2998 254 3049 25
282 3005 594 3071 magnam
635 3002 860 3048 eorum
902 2981 1403 3047 multitudinem
1444 2982 1673 3047 venire
1712 2980 1958 3068 populo
1993 2980 2291 3048 Romano

280 3088 721 3175 periculosum
793 3085 1087 3168 videbat,
1133 3108 1347 3173 neque
1412 3087 1539 3152 sibi
1599 3087 1899 3153 homines
1969 3085 2146 3152 feros
2214 3109 2290 3153 ac
2315 3107 2344 3154 4

281 3193 600 3258 barbaros
628 3194 1113 3277 temperaturos
1155 3191 1585 3257 existimabat
1626 3191 1806 3277 quin,
1836 3212 1986 3256 cum
2028 3213 2288 3257 omnem

353 3365 455 3427 32,
484 3359 514 3433 ξ
540 3362 590 3417 5.
628 3371 811 3416 tamen
844 3356 896 3417 is
934 3361 1070 3418 here
1111 3361 1249 3417 used
1292 3360 1351 3415 in
1389 3361 1544 3417 what
1583 3360 1631 3415 is
1676 3361 1860 3418 called
1892 3379 1928 3417 a
1971 3360 2291 3417 concessive

282 3450 465 3499 sense,
479 3434 592 3489 and
608 3433 708 3489 the
724 3432 1001 3504 meaning
1018 3433 1083 3489 of
1095 3435 1393 3505 reliqu1'8..
1419 3437 1686 3489 ‚daretur
1699 3432 1889 3504 might
1906 3434 1976 3490 be
1993 3434 2292 3504 expressed

284 3506 402 3578 by‘
422 3504 519 3561 the
548 3505 741 3561 others
763 3505 877 3560 had
901 3508 963 3561 at
987 3523 1104 3575 any
1130 3508 1252 3560 rate
1277 3524 1312 3560 a
1337 3505 1547 3560 chance
1574 3504 1640 3559 of
1658 3505 1912 3576 escape'.

355 3595 591 3719 ἓυδονὲυἰι
598 3578 882 3716 ogga-gn
910 3585 1136 3645 .e88ent,
1123 3577 1318 3701 ,asl38,
1336 3574 1413 3702 §dl
1427 3576 1630 3717 {hoff'
1641 3592 1759 3719 {rga
1777 3594 1850 3631 an
1869 3573 2290 3647 exaggeration.

691 3667 757 3702 ne
799 3650 879 3704 cio
900 3666 999 3704 suo
1022 3648 1071 3703 is
1097 3665 1207 3717 exp
1231 3665 1363 3704 aine

357 3718 463 3792 §2.
500 3717 613 3773 Et
597 3736 647 3774 is
671 3719 900 3776 deleted
925 3719 1002 3791 by
1020 3719 1335 3776 MeuselJ
1327 3720 1448 3785 .Β.,
1476 3718 1633 3789 1910,
1651 3737 1706 3789 p.
1724 3719 1834 3788 59),
1853 3737 1926 3774 on
1946 3718 2045 3774 the
2047 3719 2292 3812 ground

282 3791 418 3847 that
442 3790 647 3846 Caesar
669 3790 837 3846 could
861 3794 966 3846 not
963 3738 1137 3847 yhave
1162 3807 1259 3847 use
1323 3763 1371 3845 it
1397 3789 1459 3843 in
1483 3790 1583 3845 the
1610 3806 1768 3845 sense
1794 3791 1894 3845 of‘
1911 3790 2085 3846 also.
2158 3789 2294 3845 This

284 3862 483 3918 makes
507 3879 596 3918 me
619 3862 847 3918 wonder
867 3863 954 3917 wh
1018 3862 1093 3919 he
1118 3862 1323 3919 inserts
1346 3864 1419 3916 Et
1444 3865 1506 3917 at
1530 3861 1633 3916 the
1658 3860 1982 3942 beginning
1999 3861 2066 3917 of
2086 3862 2173 3926 52,
2195 3860 2291 3932 §3.

284 3933 377 3990 He
413 3933 532 3989 also
568 3932 789 3990 deletes
826 3936 891 3989 in
922 3933 943 4004 (
988 3934 1209 4005 'cione)‚
1235 3932 1443 3999 which,
1467 3932 1494 3986 1
1534 3949 1666 4003 may
1701 3933 1941 3997 remark,
1966 3932 2014 3986 is
2051 3932 2293 3988 omitted

282 4005 346 4061 in
371 4007 437 4069 L,
464 4006 704 4061 because
730 4005 797 4060 of
828 4006 1003 4061 about
1031 4006 1132 4062 170
1151 4021 1434 4088 passages
1457 4003 1517 4058 in
1545 4002 1750 4059 Caesar
1782 4004 1899 4060 this
1936 4003 1984 4057 is
2016 4004 2118 4059 the
2158 4003 2295 4074 only

284 4093 392 4132 one
418 4077 477 4131 in
500 4075 685 4131 which
711 4093 747 4132 a
769 4075 1165 4148 preposition
1147 4094 1194 4132 is
1217 4075 1488 4146 repeated
1513 4074 1709 4131 before
1735 4076 1834 4132 the
1868 4076 2074 4132 second
2098 4075 2165 4130 of
2182 4078 2294 4131 two

283 4164 669 4231 synonymous
693 4165 758 4203 or
779 4148 980 4220 nearly
1003 4147 1222 4205 related
1261 4150 1531 4218 concepts
1569 4147 1880 4203 connected
1905 4147 1981 4217 by
2005 4164 2041 4202 a
2074 4146 2296 4217 copula-

283 4221 401 4277 tive
428 4217 813 4289 conjunction.

291 4294 556 4432 σῧπίττε
566 4331 689 4418 519.
667 4293 1017 4362 ..appellatos
1094 4289 1197 4346 See
1221 4308 1277 4362 p.
1307 4289 1404 4357 xli,
1429 4288 1527 4345 the
1555 4290 1679 4346 first
1707 4292 1840 4345 note
1868 4308 1942 4345 on
1970 4291 2019 4356 3,
2047 4287 2150 4362 §4,
2178 4290 2296 4344 and

483 4381 540 4433 p.

2427 1621 2644 1656 reasons
2653 1608 2738 1657 for

2427 1675 2715 1737 espousing

2426 1739 2575 1788 their

2425 1821 2596 1856 cause.
