3177 5166
947 361 1078 425 374
1513 358 1634 423 DE
1680 357 1969 423 BELLO
2013 356 2407 424 GALLICO

948 543 1075 607 que
1115 522 1185 585 in
1228 543 1554 587 summam
1595 521 1942 607 planitiem
1984 521 2128 609 iugi
2163 521 2487 608 pervenit,
2519 543 2689 606 quae
2721 520 2987 587 declivi

889 639 920 689 5
949 626 1222 713 fastigio
1251 625 1509 692 duobus
1547 627 1631 691 ab
1665 626 1989 692 lateribus
2029 626 2474 692 muniebatur.
2549 624 2657 690 Ibi
2689 626 2984 712 legioni-

948 731 1072 798 bus
1117 731 1464 799 instructis
1507 731 1594 797 ad
1638 731 1951 796 ultimum
1995 731 2228 817 iugum
2273 730 2582 817 pervenit
2626 731 2982 817 aciemque

948 858 1025 901 eo
1054 836 1195 902 loco
1217 837 1585 916 constituit,
1609 836 1787 901 unde
1814 841 2146 901 tormento
2169 835 2372 901 missa
2401 835 2539 900 tela
2566 835 2638 900 in
2669 835 2977 900 hostium

948 962 1189 1009 cuneos
1218 940 1382 1007 coici
1412 945 1700 1029 possent.
3004 965 3034 1013 5

826 1059 920 1115 15
1037 1045 1317 1110 Barbari
1367 1045 1597 1111 confisi
1644 1044 1772 1110 loci
1821 1050 2083 1123 natura,
2117 1065 2267 1110 cum
2320 1043 2638 1110 dimicare
2681 1065 2822 1108 non
2873 1065 2979 1108 re-

948 1156 1274 1226 cusarent,
1319 1149 1375 1214 si
1427 1149 1601 1214 forte
1651 1148 1933 1215 Romani
1987 1149 2211 1214 subire
2263 1148 2495 1215 collem
2544 1153 2981 1228 conarentur,

948 1253 1402 1341 paulatimque
1424 1253 1647 1339 copias
1670 1253 2069 1319 distributas
2090 1251 2432 1318 dimittere
2456 1274 2590 1317 non
2623 1253 2982 1332 auderent,

948 1381 1032 1425 ne
1104 1358 1382 1445 dispersi
1458 1358 2030 1444 perturbarentur,
2078 1358 2149 1421 in
2224 1358 2363 1423 acie
2431 1363 2979 1443 permanserunt.

891 1484 920 1531 2
950 1460 1246 1540 Quorum
1310 1463 1682 1549 pertinacia
1749 1463 2019 1550 cognita
2078 1460 2343 1542 Caesar,
2391 1460 2521 1525 XX
2580 1462 2982 1528 cohortibus
3007 1479 3062 1525 10

947 1567 1292 1633 instructis
1359 1568 1726 1654 castrisque
1786 1588 1863 1632 eo
1923 1567 2064 1633 loco
2122 1566 2412 1643 metatiS‚
2464 1566 2712 1630 muniri
2782 1567 2984 1633 iubet

892 1695 921 1742 3
946 1675 1182 1737 castra.
1274 1672 1620 1738 Absolutis
1680 1672 2008 1758 operibuS,
2062 1693 2185 1758 pro
2251 1671 2431 1736 vallo
2501 1671 2799 1757 legiones
2875 1673 2984 1736 in-

946 1781 1235 1841 structas
1264 1776 1580 1855 conlocat,
1614 1776 1869 1862 equites
1907 1775 2189 1842 frenatis
2235 1776 2424 1862 equis
2455 1775 2525 1839 in
2561 1776 2983 1842 stationibus

892 1895 919 1942 4
948 1879 1261 1966 disponit.
1352 1880 1708 1959 Bellovaci,
1752 1901 1904 1946 cum
1959 1879 2291 1946 Romanos
2342 1879 2430 1945 ad
2482 1880 2980 1965 insequendum

948 1990 1215 2070 paratos
1248 1984 1553 2050 viderent
1584 2006 1798 2071 neque
1826 1990 2219 2071 pernoctare
2249 1988 2370 2050 aut
2410 1983 2668 2050 diutius
2705 2006 2980 2070 perma-
3005 2003 3061 2050 15

948 2110 1104 2153 nere
1150 2088 1292 2153 sine
1331 2089 1627 2175 periculo
1667 2088 1897 2154 eodem
1937 2088 2081 2155 loco
2124 2093 2413 2175 possent,
2441 2089 2579 2154 tale
2612 2089 2980 2154 consilium

891 2209 920 2258 5
948 2192 1052 2257 sui
1127 2192 1486 2279 recipiendi
1559 2197 1897 2279 ceperunt.
2010 2189 2247 2258 Fasces
2320 2192 2437 2257 ubi
2511 2192 2981 2274 consederant,

948 2318 1233 2383 namque
1278 2297 1349 2361 in
1393 2297 1534 2363 acie
1577 2297 1803 2363 sedere
1848 2296 2075 2362 Gallos
2117 2318 2463 2364 consuesse
2511 2297 2982 2383 superioribus

949 2401 1439 2466 commentariis
1460 2399 1870 2467 declaratum
1895 2406 2015 2480 est,
2034 2423 2153 2488 per
2175 2423 2414 2467 manus
2444 2406 2977 2469 stramentorum

949 2527 1026 2570 ac
1065 2505 1530 2592 virgultorum,
1563 2527 1845 2593 quorum
1886 2527 2146 2572 summa
2185 2511 2331 2571 erat
2366 2506 2436 2570 in
2477 2506 2716 2573 castris
2757 2508 2980 2594 copia,
3006 2527 3064 2574 eo

950 2610 1127 2675 inter
1166 2632 1234 2675 se
1281 2610 1564 2675 traditos
1608 2617 1766 2676 ante
1806 2611 2014 2676 aciem
2060 2611 2490 2677 conlocarunt
2533 2615 2982 2697 extremoque

950 2722 1244 2801 tempore
1284 2714 1415 2779 diei
1458 2714 1650 2801 signo
1689 2715 2127 2801 pronuntiato
2155 2736 2291 2781 uno
2322 2720 2619 2802 tempore
2658 2715 2977 2782 incende·

894 2832 924 2880 6
950 2822 1129 2884 runt.
1218 2818 1327 2883 Ita
1384 2818 1732 2884 continens
1790 2818 2059 2885 flamma
2115 2818 2339 2906 copias
2403 2841 2630 2886 omnes
2693 2830 2976 2907 repente

949 2945 991 2988 a
1059 2926 1410 3009 conspectu
1471 2922 1648 2988 texit
1707 2922 2175 2991 Romanorum.
2267 2923 2464 3005 Quod
2522 2923 2638 2989 ubi
2706 2924 2976 3003 accidit,

950 3026 1213 3092 barbari
1259 3026 1842 3093 vehementissimo
1887 3049 2085 3093 cursu
2131 3026 2549 3115 refugerunt.
2999 3051 3063 3099 Ξῖ)

829 3141 922 3197 16
1037 3130 1298 3210 Caesar,
1339 3132 1463 3197 etsi
1508 3131 1868 3197 discessum
1915 3131 2209 3198 hostium
2253 3133 2790 3199 animadvertere
2834 3155 2975 3199 non

949 3242 1213 3323 poterat
1264 3236 1585 3303 incendiis
1631 3235 1972 3323 oppositiS,
2013 3242 2238 3302 tamen
2292 3237 2362 3302 id
2414 3236 2759 3304 consilium
2816 3260 2970 3304 cum

1022 3363 1116 3426 15,
1143 3357 1173 3432 ξ
1201 3361 1252 3416 5.
1288 3361 1381 3413 ubi
1409 3399 1422 3414 .
1452 3400 1465 3415 .
1493 3400 1506 3413 .
1530 3361 1869 3414 declaratum
1910 3367 2001 3413 ese.
2080 3356 2166 3414 No
2211 3357 2348 3414 such
2392 3359 2701 3415 ridiculous
2744 3362 2972 3417 eustom

950 3431 1053 3486 has
1071 3431 1219 3487 been
1242 3429 1475 3487 noticed
1494 3428 1556 3484 in
1585 3448 1699 3500 any
1719 3430 1981 3502 previous
2001 3433 2391 3501 commentar-y
2416 3452 2430 3500 ;
2461 3432 2576 3488 and
2593 3431 2974 3503 accordingly

950 3502 1053 3558 the
1089 3502 1303 3559 editors
1340 3501 1525 3559 either
1563 3501 1802 3557 bracket
1844 3520 1907 3558 or
1948 3500 2134 3558 delete
2174 3502 2275 3558 the
2319 3505 2515 3568 words,
2537 3502 2776 3574 though
2817 3521 2974 3560 some

954 3574 1138 3630 retain
1182 3584 1243 3630 ut
1291 3583 1688 3643 consueverant,
1729 3573 1920 3630 which
1968 3590 2208 3645 appears
2249 3573 2310 3629 in
2348 3574 2726 3646 a—wrongly,
2766 3591 2834 3630 as
2867 3575 2974 3632 the

953 3645 1244 3718 following
1286 3646 1465 3701 words
1512 3645 1966 3702 show—instead
2014 3646 2079 3699 of
2119 3648 2216 3701 ubi
2260 3649 2622 3703 consedet-ant.
2704 3645 2825 3703 But
2872 3649 2975 3704 the

951 3736 1222 3845 ffeflencg
1258 3717 1318 3773 of
1347 3717 1446 3773 the
1481 3736 1611 3845 pasts
1690 3717 1949 3843 etliutthe
1983 3715 2141 3773 MSS.
2176 3717 2374 3845 hasdeto
2408 3719 2831 3846 brgtaccotgpted
2865 3720 2974 3774 for.

1087 3807 1149 3846 as
1223 3806 1432 3846 eensu
1511 3806 1570 3845 es
1777 3806 2230 3860 anumque...
2324 3809 2410 3845 ca
2499 3809 2658 3846 nme
2742 3807 2974 3847 wasan

953 3861 1162 3917 absurd
1195 3861 1346 3933 gloss
1369 3808 1522 3944 upgogn
1548 3863 1643 3916 ubi
1668 3863 2048 3925 consedet-ann
2091 3859 2215 3929 but,
2242 3860 2294 3916 if
2314 3880 2392 3929 so,
2419 3863 2514 3918 ubi
2546 3864 2898 3919 con-sedewne
2927 3862 2979 3919 is

955 3932 1246 4003 evidently
1271 3950 1535 4004 genuine.
1615 3931 1640 3987 1
1667 3949 1761 3987 am
1796 3933 1995 3989 rather
2024 3931 2279 3988 inclined
2309 3937 2369 3989 to
2402 3950 2573 4006 agree
2603 3933 2747 3989 with
2781 3934 2976 3998 Klotz,

952 4006 1077 4062 who
1129 4022 1330 4075 argues
1375 4005 1551 4075 (G.S.‚
1596 4022 1696 4075 pp.
1743 4004 1935 4070 174-5)
1981 4005 2114 4060 that
2161 4003 2383 4061 Hirtius
2422 4023 2536 4061 was
2582 4004 2871 4078 thinking
2911 4008 2981 4063 of

954 4076 991 4143 i,
1018 4077 1106 4149 21,
1128 4075 1204 4204 {1
1229 4077 1422 4146 (hostes
1438 4078 1538 4131 sub
1562 4084 1738 4132 monte
1762 4076 2166 4147 consedisse),
2188 4077 2248 4143 ii,
2277 4077 2358 4145 16,
2384 4076 2414 4150 ξ
2435 4077 2487 4147 2,
2508 4076 2594 4143 iii,
2617 4077 2699 4143 17,
2721 4075 2752 4150 ξ
2772 4077 2830 4141 5,
2855 4081 2977 4145 &c.‚

955 4149 1087 4218 and,
1178 4147 1273 4204 ein
1365 4147 1639 4220 ignorant
1687 4146 1752 4203 of
1796 4147 2054 4219 military
2101 4146 2311 4216 affairs,
2363 4148 2826 4206 misunderstood
2874 4150 2978 4207 the

955 4220 1226 4291 meaning
1252 4237 1284 4275 o
1334 4222 1645 4289 consedisse,
1670 4222 2040 4287 consedissent,
2066 4218 2167 4276 διο.

1019 4311 1126 4362 per
1165 4310 1380 4348 manus.
1454 4291 1674 4348 Meusel
1718 4292 2038 4363 transposes
2081 4292 2242 4348 these
2290 4291 2492 4361 words,
2574 4291 2771 4364 lacing
2816 4293 2981 4350 them

953 4364 1103 4419 after
1126 4367 1321 4434 copiag
1364 4363 1469 4418 but
1495 4362 1664 4419 Klotz
1692 4363 1776 4434 (0.
1798 4364 1880 4431 S„
1905 4380 1960 4433 p.
1992 4363 2095 4419 174
2145 4363 2327 4419 shows
2358 4364 2492 4419 that
2524 4367 2552 4420 t
2595 4381 2628 4421 e
2659 4365 2980 4421 unnatural

955 4436 1120 4491 order
1143 4435 1204 4489 in
1230 4435 1331 4490 the
1356 4437 1486 4490 text
1513 4433 1561 4488 is
1585 4434 1645 4489 in
1672 4433 1876 4490 accord
1902 4434 2043 4489 with
2127 4433 2334 4491 irtius’s
2361 4435 2604 4492 careless
2627 4435 2791 4507 style.
