3177 5166
818 255 823 260 ’
865 302 951 363 78
1415 300 1536 366 DE
1582 300 1869 367 BELLo
1916 300 2308 368 GALLIoo

865 464 1076 529 nostri
1121 464 1194 528 in
1233 464 1507 529 flumine
1551 464 1843 551 adgressi
1891 487 2206 553 magnum
2252 489 2479 534 eorum
2525 490 2875 533 numerum

810 588 839 634 3
866 568 1284 649 occiderunt3
1344 591 1463 655 per
1505 591 1733 634 eorum
1785 591 2060 656 corpora
2104 571 2392 657 reliquos
2441 571 2877 639 audacissime

869 672 1152 738 transire
1211 679 1525 738 conantes
1596 673 2028 740 multitudine
2088 676 2370 741 telorum
2441 676 2880 763 reppulerunt

870 778 1263 863 primosque,
1333 779 1448 863 qui
1522 779 1945 857 transierant,
2017 780 2320 866 equitatu
2393 781 2881 847 circumventos

813 908 842 955 4
871 882 1369 948 interfecerunt.
1461 882 1725 961 Hostes,
1757 883 1871 948 ubi
1916 889 1985 949 et
2028 884 2110 948 de
2151 884 2596 972 expugnando
2634 884 2880 971 oppido
2908 899 2940 949 5

871 992 939 1052 et
979 987 1062 1052 de
1097 986 1371 1051 flumine
1406 988 1812 1052 transeundo
1853 1010 2035 1074 spem
2072 1011 2141 1052 se
2181 989 2496 1054 fefellisse
2535 989 2880 1054 intellexe-

872 1097 1033 1156 runt
1102 1113 1313 1176 neque
1372 1098 1634 1157 nostros
1703 1092 1773 1155 in
1832 1092 2049 1157 locum
2116 1093 2512 1179 iniquiorem
2572 1093 2879 1180 progredi

870 1196 1214 1283 pugnandi
1255 1218 1453 1262 causa
1489 1196 1804 1262 viderunt
1846 1200 2048 1283 atque
2083 1197 2259 1284 ipsos
2294 1220 2399 1263 res
2438 1197 2882 1263 frumentaria

872 1301 1148 1366 deficere
1187 1298 1422 1386 coepit,
1461 1300 1737 1366 concilio
1780 1307 2138 1367 convocato
2178 1302 2669 1367 constituerunt
2706 1302 2880 1387 opti-

871 1427 1055 1469 mum
1100 1427 1238 1469 esse
1282 1405 1550 1470 domum
1597 1426 1781 1469 suam
1829 1427 2154 1492 quemque
2193 1406 2458 1484 reverti,
2490 1412 2560 1471 et
2598 1428 2880 1492 quorum
2910 1431 2976 1479 10

873 1510 945 1574 in
1004 1510 1169 1574 fines
1227 1510 1516 1595 primum
1577 1509 1860 1575 Romani
1913 1511 2279 1577 exercitum
2333 1511 2880 1589 introduxissent,

873 1614 959 1679 ad
1013 1637 1122 1679 eos
1181 1614 1631 1680 defendendos
1681 1615 1975 1700 undique
2025 1616 2475 1695 convenirent,
2527 1622 2607 1681 ut
2656 1614 2884 1701 potius

874 1720 944 1783 in
976 1719 1113 1783 suis
1146 1739 1347 1804 quam
1378 1718 1447 1782 in
1478 1719 1714 1784 alienis
1744 1719 1988 1784 finibus
2023 1719 2439 1785 decertarent
2467 1725 2538 1785 et
2572 1719 2881 1785 domesti-

818 1846 847 1894 5
875 1825 968 1888 cis
1011 1823 1217 1909 copiis
1260 1823 1356 1887 rei
1403 1824 1882 1888 frumentariae
1930 1827 2295 1889 uterentur.
2385 1824 2494 1889 Ad
2539 1847 2683 1889 eam
2737 1846 2883 1888 sen-

875 1927 1154 1992 tentiam
1208 1950 1357 1993 cum
1411 1928 1684 2013 reliquis
1744 1928 1959 1993 causis
2016 1928 2177 1994 haec
2229 1952 2489 2015 quoque
2542 1928 2714 1994 ratio
2773 1943 2977 2002 eos'15

876 2031 1173 2107 deduxit,
1204 2032 1380 2117 quod
1421 2033 1836 2098 Diviciacum
1866 2039 2070 2118 atque
2102 2033 2415 2099 Haeduos
2453 2033 2699 2098 finibus
2736 2032 2884 2097 Bel·

877 2136 1255 2201 lovacorum
1300 2136 1834 2223 adpropinquare
1878 2144 2347 2223 cognoverant.
2446 2137 2574 2202 His
2616 2159 2886 2223 persua-

875 2240 1017 2306 deri
1042 2245 1119 2306 ut
1140 2239 1397 2307 diutius
1426 2248 1849 2307 morarentur
1871 2263 2082 2326 neque
2111 2243 2250 2308 suis
2279 2242 2606 2308 auxilium
2629 2242 2889 2306 ferrent

876 2368 1010 2411 non
1039 2350 1320 2431 poterat.

440 2489 609 2538 Their
756 2471 847 2527 ιι
967 2449 1066 2515 Ea
1138 2473 1209 2515 re
1283 2451 1668 2528 constituta,
1744 2450 2032 2515 secunda
2105 2451 2339 2537 vigilia
2412 2473 2655 2538 magno
2735 2472 2888 2517 cum
2917 2477 2984 2524 20

441 2553 648 2634 sevefal
879 2554 1166 2641 strepitu
1208 2577 1283 2620 ac
1319 2554 1616 2621 tumultu
1647 2555 1884 2621 castris
1924 2555 2170 2642 egressi
2211 2555 2394 2621 nullo
2434 2560 2616 2621 certo
2655 2554 2891 2621 ordine

440 2625 701 2751 ἓξὲξὲῃιῖθ-
882 2681 1095 2745 neque
1163 2658 1460 2745 imperi0‚
1517 2682 1668 2725 cum
1733 2659 1861 2723 sibi
1920 2659 2199 2745 quisque
2269 2661 2560 2746 primum
2627 2659 2892 2725 itineris

445 2754 720 2869 {ffigssggr-
881 2763 1096 2829 locum
1127 2769 1384 2850 peteret
1408 2769 1476 2829 et
1499 2764 1769 2829 domum
1795 2763 2138 2849 pervenire
2162 2770 2565 2850 properaret,
2584 2764 2894 2830 fecerunt

445 2885 683 2937 Caeam-’s
822 2893 853 2940 2
881 2874 960 2933 ut
982 2867 1345 2934 consimilis
1368 2868 1569 2954 fugae
1592 2867 1915 2953 profectio
1939 2867 2295 2932 videretur.
2385 2868 2531 2933 Hac
2555 2891 2626 2933 re
2656 2867 2892 2933 statim

446 2952 685 3014 cavalry,
882 2972 1130 3040 Caesar
1169 2994 1288 3058 per
1322 2972 1767 3057 speculatores
1805 2972 2072 3058 cognita
2101 2971 2378 3036 insidias
2409 2971 2685 3049 veritus,
2713 2971 2894 3056 quod
2922 2998 2990 3047 25

446 3016 738 3147 ἰξρὲἷτοῖἕξά
883 3099 1016 3163 qua
1059 3077 1141 3141 de
1184 3098 1383 3141 causa
1427 3075 1840 3141 discederent
1883 3075 2177 3140 nondum
2214 3085 2661 3163 perspexerat,
2702 3099 2894 3141 exer-

447 3152 668 3279 },effssffig'
828 3213 857 3259 3
884 3182 1090 3247 citum
1151 3180 1658 3266 equitatumque
1714 3179 1950 3245 castris
2009 3179 2352 3245 continuit.
2443 3180 2668 3244 Prima
2726 3179 2896 3258 luce,

449 3282 621 3332 “¹⁰³¹-
884 3286 1275 3351 confirmata
1326 3307 1398 3349 re
1453 3284 1539 3349 ab
1592 3283 2139 3372 exploratoribus
2186 3306 2446 3349 omnem
2499 3284 2898 3370 equitatum,

886 3389 1004 3475 qui
1070 3388 1502 3454 novissimum
1562 3411 1800 3476 agmen
1860 3393 2250 3465 moraretur,
2310 3389 2670 3474 praemisit.
2765 3388 2899 3453 His

889 3494 966 3572 Q.
1004 3492 1279 3557 Pedium
1318 3499 1389 3557 et
1427 3492 1500 3558 L.
1532 3493 2057 3559 Aurunculeium
2099 3492 2369 3560 Cottam
2411 3493 2666 3580 legatos
2707 3514 2897 3579 prae·
2926 3525 2995 3572 30

962 3631 991 3702 ξ
1018 3632 1068 3687 4.
1107 3634 1465 3688 convenirent.
1521 3631 1858 3702 Stephanus,
1887 3631 2071 3687 whom
2099 3632 2314 3688 Meusel
2341 3632 2574 3697 follows,
2598 3634 2899 3703 proposed,

891 3722 952 3758 as
981 3722 1052 3758 an
1089 3702 1474 3772 emendation,
1504 3706 1813 3766 convenire5
1850 3704 1954 3759 but
1992 3703 2018 3757 I
2056 3721 2149 3758 am
2181 3702 2434 3760 inclined
2463 3707 2522 3760 to
2557 3704 2730 3760 think
2764 3705 2899 3760 that

891 3778 1094 3829 Caesar
1131 3792 1262 3845 may
1300 3774 1442 3831 have
1486 3773 1716 3830 written
1754 3779 2092 3830 convenirent
2131 3774 2402 3846 (perhaps
2442 3776 2627 3832 under
2670 3776 2774 3832 the
2818 3775 2906 3830 in·

892 3847 1109 3902 fluence
1134 3846 1200 3903 of
1230 3848 1684 3915 introduxissent)
1710 3846 1833 3917 just
1862 3864 1924 3901 as
1948 3845 2011 3901 in
2046 3844 2144 3914 vii,
2172 3846 2259 3915 78,
2286 3844 2315 3919 ξ
2346 3847 2371 3902 1
2400 3847 2474 3903 he
2497 3851 2674 3903 wrote
2706 3852 2902 3903 consti-

891 3924 1054 3971 tuunt
1076 3926 1137 3971 ut
1156 3921 1203 3970 ii
1227 3956 1240 3971 .
1270 3958 1282 3971 .
1311 3957 1325 3973 .
1351 3920 1622 3973 excedant.

961 3991 1048 4055 ll,
1067 3987 1097 4059 ξ
1119 3990 1168 4044 2.
1203 3991 1557 4058 speculatores
1585 3988 1820 4059 (scouts)
1844 4004 1994 4045 were
2021 3991 2124 4043 not
2146 3989 2245 4044 the
2269 4005 2427 4045 same
2453 4008 2516 4046 as
2537 3992 2908 4060 exploratores

893 4059 1177 4129 (patrols)‚
1204 4061 1329 4115 who
1356 4077 1500 4116 were
1525 4059 1824 4130 generally
1859 4060 2101 4129 cavalry.
2173 4063 2542 4130 Speculatores
2566 4079 2711 4118 were
2737 4061 2906 4117 often

889 4129 1187 4212 employed
1211 4131 1298 4186 sin
1341 4131 1400 4201 ly
1422 4152 1435 4195 ;
1469 4131 1583 4186 and
1609 4130 1794 4187 under
1814 4130 1913 4186 the
1938 4129 2169 4201 Empire
2193 4131 2354 4187 there
2373 4149 2518 4188 were
2543 4134 2647 4187 ten
2672 4130 2732 4186 in
2758 4131 2905 4188 each

892 4201 1103 4272 legion.
1176 4202 1317 4256 Simi
1344 4201 1427 4257 arl
1494 4202 1555 4257 in
1593 4219 1698 4257 our
1721 4219 1847 4257 own
1873 4220 2032 4271 army
2057 4202 2219 4258 there
2245 4219 2342 4258 are
2367 4202 2595 4259 trained
2628 4207 2817 4259 scouts
2841 4204 2904 4258 in

893 4272 1347 4413 ‹legeqlc‘ssmpany
1379 4291 1412 4328 o
1466 4273 1722 4343 infantry
1745 4274 1952 4343 (Tr.,p.
1975 4274 2062 4339 58,
2083 4292 2141 4330 n.
2165 4274 2190 4328 1
2218 4293 2231 4337 3
2269 4276 2333 4330 Z.
2360 4275 2442 4342 G„
2465 4274 2619 4341 1911,
2641 4292 2739 4345 pp.
2761 4274 2908 4330 711-

3141 883 3153 922 A
