3177 5166
806 305 1536 374 COMMENTARIUS
1585 305 1757 372 VIII
2166 308 2290 372 391

282 489 435 534 cum
482 467 617 534 tela
664 469 1012 535 tormentis
1058 469 1435 536 iacerentur
1481 469 1567 535 ad
1614 467 1822 535 fontis
1870 468 2127 535 aditum
2175 490 2294 536 nec

281 572 425 639 sine
483 572 776 660 periculo
834 578 1103 661 possent
1160 572 1393 661 aquari
1453 572 1788 661 oppidani,
1838 594 1972 639 non
2030 577 2293 640 tantum

282 700 521 765 pecora
578 682 783 765 atque
842 678 1157 756 iumenta,
1209 677 1322 745 sed
1385 676 1587 744 etiam
1648 699 1894 766 magna
1950 677 2293 743 hominum

284 780 652 848 multitudo
695 782 810 849 siti
853 783 1386 850 consumebatur.

225 906 257 955 5
373 887 521 967 Quo
590 887 765 954 malo
833 886 1173 975 perterriti
1238 885 1553 974 oppidani
1623 907 1825 974 cupas
1897 886 2074 966 seb0‚
2133 884 2294 973 pice,
2318 900 2416 958 42

283 987 620 1054 scandulis
647 988 982 1076 complent
999 1009 1016 1069 ;
1060 1010 1171 1054 eas
1206 986 1515 1053 ardentes
1555 987 1626 1051 in
1657 1008 1861 1074 opera
1889 986 2297 1074 provolvunt

284 1090 645 1179 eodemque
709 1096 1006 1180 tempore
1064 1091 1378 1159 acerrime
1436 1091 1867 1179 proeliantur,
1917 1095 1995 1157 ut
2052 1090 2139 1156 ab
2196 1090 2295 1155 in-

283 1191 514 1258 cendio
559 1192 1033 1281 restinguendo
1078 1191 1548 1259 dimicationis
1571 1191 1864 1279 periculo
1917 1191 2297 1258 deterreant

286 1296 633 1364 Romanos.
724 1297 971 1386 Magna
1005 1289 1288 1385 'repente
1338 1295 1411 1362 in
1462 1296 1626 1384 ipsis
1677 1296 1982 1382 operibus
2029 1297 2297 1362 flamma
2320 1317 2351 1366 2

189 1419 258 1468 10
284 1401 535 1468 existit.
626 1402 1095 1490 Quaecumque
1164 1401 1342 1468 enim
1402 1423 1521 1489 per
1583 1401 1803 1467 locum
1867 1400 2294 1488 praecipitem

284 1506 487 1573 missa
536 1511 745 1588 erant,
794 1529 873 1574 ea
920 1506 1131 1573 vineis
1183 1512 1253 1573 et
1303 1527 1545 1594 aggere
1598 1526 1951 1593 suppressa
2005 1526 2296 1593 compre-

286 1611 666 1677 hendebant
704 1611 773 1677 id
810 1611 1029 1698 ipsum
1071 1611 1248 1699 quod
1287 1609 1690 1676 morabatur.
1778 1609 2027 1676 Milites
2063 1614 2295 1676 contra
2321 1630 2351 1680 3

285 1715 515 1793 nostri,
559 1738 961 1803 quamquam
1019 1715 1386 1803 periculoso
1443 1737 1685 1802 genere
1742 1715 1973 1802 proelii
2024 1714 2295 1802 locoque

284 1820 515 1906 ‘miquo
560 1821 1047 1907 premebantur,
1077 1826 1304 1887 tamen
1344 1819 1568 1885 omnia
1605 1819 1968 1886 fortissimo
2012 1819 2292 1886 sustine-

188 1942 256 1992 15
285 1924 451 1991 bant
495 1925 735 1992 animo,
826 1925 956 1992 Res
1001 1925 1176 1992 enim
1220 1924 1579 2013 gerebatur
1620 1924 1876 1990 excelso
1924 1923 2066 1990 loco
2111 1928 2179 1990 et
2222 1923 2293 1988 in
2320 1940 2349 1989 4

282 2035 639 2118 conspectu
656 2030 987 2097 exercitus
1009 2031 1237 2111 nostri,
1260 2049 1673 2118 magnusque
1690 2029 2024 2116 utrimque
2047 2028 2295 2096 clamor

282 2134 641 2202 oriebatur.
708 2135 820 2201 Ita
850 2156 1049 2222 quam
1082 2135 1358 2222 quisque
1381 2138 1647 2221 poterat
1677 2133 1965 2201 maxime
1996 2133 2294 2222 insignis,

283 2261 417 2326 quo
446 2240 665 2306 notior
695 2239 1129 2327 testatiorque
1162 2240 1378 2306 virtus
1418 2242 1591 2306 esset
1620 2239 1779 2318 eius,
1810 2239 1963 2306 telis
2001 2238 2292 2305 hostium

283 2345 718 2432 flammaeque
747 2366 817 2411 se
847 2344 1184 2410 offerebat.

188 2468 255 2517 20
374 2446 618 2515 Caesar
667 2470 817 2515 cum
871 2448 1240 2536 complures
1292 2470 1446 2514 suos
1499 2449 1839 2515 vulnerari
1890 2448 2166 2526 viderct‚
2210 2471 2293 2515 ex
2319 2459 2419 2517 4³

282 2553 592 2620 omnibus
635 2552 863 2642 oppidi
907 2552 1214 2641 partibus
1258 2553 1560 2621 cohortes
1604 2558 1896 2621 montem
1945 2553 2295 2622 ascendere

285 2662 354 2722 et
425 2655 846 2722 simulatione
921 2655 1253 2722 moenium
1325 2656 1855 2743 occupandorum
1941 2656 2293 2723 clamorem

283 2761 578 2847 undique
607 2761 796 2827 iubet
836 2759 1085 2826 tollere.
1177 2759 1325 2840 Quo
1358 2759 1536 2826 facto
1578 2760 1918 2847 perterriti
1960 2760 2295 2848 oppidani,
2321 2776 2351 2825 2

281 2888 432 2932 cum
480 2866 639 2952 quid
691 2873 1001 2953 ageretur
1046 2865 1119 2929 in
1172 2864 1329 2932 locis
1383 2865 1656 2951 reliquis
1708 2869 1928 2931 essent
1976 2865 2296 2952 suspensi,

185 2990 254 3040 25
283 2975 599 3036 revocant
630 2970 718 3036 ab
757 2970 1231 3058 impugnandis
1275 2970 1585 3057 operibus
1621 2974 1916 3037 armatos
1958 2970 2296 3057 murisque

282 3075 666 3162 disponunt.
743 3073 853 3140 Ita
884 3075 1093 3141 nostri
1124 3076 1256 3140 fine
1293 3074 1527 3162 proelii
1562 3074 1742 3142 facto
1770 3074 2072 3141 celeriter
2100 3095 2295 3160 opera
2323 3090 2352 3138 3

281 3180 551 3246 flamma
595 3180 1066 3267 comprehensa
1112 3179 1357 3267 partim
1409 3179 1855 3267 restinguunt,
1900 3178 2146 3267 partim
2197 3178 2295 3242 in-

283 3284 716 3351 terscindunt.
805 3282 976 3351 Cum
1036 3284 1466 3372 pertinaciter
1519 3285 1903 3350 resisterent
1961 3282 2296 3370 oppidani,
2324 3303 2353 3352 4

285 3411 529 3476 magna
577 3390 779 3455 etiam
832 3393 1023 3474 parte
1073 3410 1343 3455 suorum
1396 3388 1510 3455 siti
1559 3388 1805 3455 amissa
1852 3389 1922 3453 in
1966 3387 2298 3454 sententia

190 3514 258 3563 30
285 3498 769 3581 permanerent,
821 3493 906 3559 ad
965 3499 1370 3580 postremum
1436 3492 1761 3559 cuniculis
1823 3514 2028 3560 venae
2089 3491 2297 3559 fontis

358 3674 466 3738 42,
503 3670 532 3746 ξ
570 3674 621 3728 4.
684 3673 776 3727 Ita
815 3690 979 3744 quam
1022 3671 1070 3727 is
1112 3672 1212 3728 the
1254 3670 1495 3744 reading
1535 3672 1602 3727 of
1637 3697 1668 3742 χ
1687 3675 1731 3728 S
1741 3675 1809 3737 β;
1864 3675 1983 3727 ΒΜ
2015 3673 2158 3730 have
2198 3676 2295 3728 ita.

288 3743 504 3800 Kflbler
545 3745 824 3815 proposed
849 3748 1043 3815 itaque.
1105 3745 1340 3808 Poterat,
1377 3744 1477 3800 the
1523 3742 1640 3800 MS.
1666 3743 1923 3817 reading,
1949 3742 2135 3816 yields
2176 3762 2298 3827 per-

287 3814 467 3886 fectly
486 3815 635 3887 good
654 3830 815 3871 sense
833 3835 848 3884 3
879 3816 985 3870 but
1005 3814 1238 3881 Meusel,
1258 3815 1385 3872 who
1404 3815 1609 3886 adopts
1631 3815 1888 3872 Kfibler's
1909 3816 2293 3882 emendation,

284 3891 483 4014 nagge,
514 3886 852 4012 npcessarily
878 3886 1098 3942 follows
1122 3886 1186 3943 E.
1215 3886 1523 3942 Hoffmann
1551 3886 1612 3941 in
1640 3886 1881 3970 reading
1901 3896 2071 3957 pmut
2094 3894 2225 3943 erat.

359 4028 389 4104 ς
415 3956 2011 4101 21§masxssffsszsssstinfffizssbaffffi33‘25322{322
2051 3958 2298 4086 ἔξω,

286 4101 473 4186 would
495 4102 637 4157 have
656 4100 886 4157 written
913 4105 973 4158 in
995 4106 1198 4167 mut-iffi
1235 4102 1342 4157 but
1365 4101 1416 4157 it
1439 4101 1575 4157 does
1594 4104 1699 4157 not
1714 4100 1904 4158 follow
1919 4102 2049 4158 that
2074 4100 2298 4156 Hirtius

285 4173 487 4329 (1ιέδὲ
514 4246 878 4327 marimum.
951 4245 1028 4302 As
1066 4246 1168 4302 the
1207 4244 1409 4329 reader
1430 4244 1548 4300 will
1584 4243 1833 4315 perhaps
1871 4243 2012 4301 have
2048 4242 2295 4310 noticed,

282 4315 792 4458 ζξιῖἧὲιέωιὲᾅωᾶ
813 4314 1061 4389 loosely:
1098 4317 1175 4374 its
1198 4316 1388 4389 object
1410 4315 1601 4373 would
1624 4315 1896 4389 properly
1914 4316 1984 4373 be
2012 4319 2114 4373 not
2137 4334 2299 4387 opera
