3177 5166
751 297 1485 369 COMMENTARIUS
1532 298 1708 364 VIII
2115 301 2240 368 371

226 464 385 528 bina
437 466 658 528 castra
708 462 952 549 palude
1004 460 1356 528 interiecta
1408 462 1970 543 contendebatur;
2043 483 2243 551 quam

225 573 450 634 tamen
473 567 785 655 paludem
806 589 940 633 non
972 588 1335 653 numquam
1370 571 1491 632 aut
1519 572 1751 633 nostra
1775 568 2031 634 auxilia
2064 567 2243 660 [aut]

227 672 571 738 Gallorum
596 672 1215 758 Germanorumque
1243 671 1624 738 transibant
1654 672 1999 759 acriusque
2023 673 2247 740 hostes

226 776 767 863 insequebantur,
798 780 919 842 aut
948 775 1240 842 vicissim
1284 775 1508 843 hostes
1543 776 1819 842 eandem
1846 779 2245 866 transgressi

166 900 198 950 5
228 886 490 948 nostros
533 881 800 969 longius
852 881 1357 947 submovebant.
1448 879 1811 947 Accidebat
1863 885 2088 947 autem
2140 904 2244 949 co·
2272 895 2301 943 3

230 984 503 1052 tidianis
534 984 1237 1073 pabulationibus—id
1269 985 1446 1071 quod
1479 984 1772 1051 accidere
1797 990 1943 1051 erat
1965 1008 2246 1066 necesse,

227 1114 378 1158 cum
424 1092 593 1157 raris
636 1089 1059 1176 disiectisque
1106 1112 1193 1155 ex
1244 1089 1562 1156 aedificiis
1610 1089 1930 1176 pabulum
1975 1091 2247 1177 conqui-

228 1200 655 1262 reretur—ut
706 1194 1045 1282 impeditis
1101 1194 1260 1260 locis
1309 1195 1590 1281 dispersi
1645 1195 2069 1282 pabulatores
2122 1197 2244 1261 cir-

227 1299 807 1381 cumvenirentur;
863 1321 1032 1385 quae
1068 1321 1192 1379 res,
1231 1298 1355 1365 etsi
1396 1300 1727 1365 mediocre
1770 1299 2245 1366 detrimentum
2274 1317 2301 1364 4

132 1426 199 1472 10
228 1406 675 1471 iumentorum
735 1425 812 1470 ac
883 1425 1225 1469 servorum
1286 1402 1532 1469 nostris
1603 1403 1969 1483 adferebat,
2020 1409 2247 1470 tamen

229 1511 473 1576 stultas
532 1508 969 1596 cogitationes
1029 1507 1356 1574 incitabat
1416 1508 1868 1588 barbarorum,
1918 1513 2121 1596 atque
2170 1533 2247 1577 eo

229 1613 444 1702 magis
503 1612 680 1701 quod
733 1611 1092 1693 Commius,
1146 1633 1340 1699 quem
1413 1613 1787 1699 profectum
1848 1614 1932 1679 ad
1994 1614 2249 1680 auxilia

232 1723 710 1787 Germanorum
735 1717 1126 1783 arcessenda
1155 1716 1366 1794 docui,
1389 1739 1540 1782 cum
1573 1717 1913 1803 equitibus
1937 1725 2247 1801 venerat3

232 1824 347 1911 qui
408 1822 675 1890 tametsi
746 1841 1022 1888 numero
1080 1844 1212 1887 non
1285 1821 1573 1908 amplius
1633 1827 1826 1888 erant
1885 1824 1965 1904 D,
2021 1829 2245 1891 tamen

135 1947 203 1997 15
233 1931 713 1996 Germanorum
760 1927 1056 1992 adventu
1102 1926 1371 1991 barbari
1418 1925 1845 1994 inflabantur.

320 2033 586 2111 Caesar,
623 2054 774 2100 cum
803 2030 1369 2098 animadverteret
1400 2032 1660 2098 hostem
1700 2032 2068 2119 complures
2107 2033 2248 2099 dies
2276 2040 2368 2095 11

232 2138 468 2207 castris
509 2137 750 2224 palude
791 2142 860 2203 et
889 2135 1013 2202 loci
1056 2139 1300 2201 natura
1339 2135 1619 2201 munitis
1660 2157 1729 2201 se
1769 2141 1994 2202 tenere
2034 2160 2248 2224 neque

231 2241 605 2332 oppugnari
657 2247 876 2309 castra
927 2264 1153 2308 eorum
1207 2242 1351 2307 sine
1403 2240 1830 2308 dimicatione
1881 2244 2250 2330 perniciosa

233 2373 354 2416 nec
385 2350 601 2416 locum
641 2346 1124 2413 munitionibus
1163 2345 1383 2412 claudi
1421 2346 1548 2411 nisi
1592 2368 1633 2411 a
1675 2346 1921 2412 maiore
1952 2347 2248 2415 exercitu

132 2476 202 2525 20
228 2476 436 2543 posse,
466 2453 728 2519 litteras
764 2452 850 2516 ad
883 2451 955 2518 C.
989 2451 1393 2517 Trebonium
1432 2451 1664 2528 mittit,
1695 2456 1774 2515 ut
1815 2473 2012 2538 quam
2048 2453 2245 2519 celer-

228 2560 394 2626 rime
425 2562 646 2646 posset
676 2557 1000 2645 legionem
1032 2555 1248 2633 XIII„
1280 2577 1449 2642 quae
1477 2577 1630 2622 cum
1662 2556 1736 2623 T.
1763 2555 1997 2623 Sextio
2026 2556 2248 2645 legato

231 2665 301 2731 in
358 2663 776 2750 Biturigibus
842 2661 1198 2740 hiemabat,
1252 2666 1614 2726 arcesseret
1680 2666 1880 2747 atque
1941 2661 2039 2726 ita
2096 2684 2246 2728 cum

230 2770 450 2837 tribus
479 2767 852 2855 legionibus
882 2765 1142 2852 magnis
1165 2764 1519 2830 itineribus
1550 2765 1637 2830 ad
1669 2787 1738 2831 se
1769 2764 2063 2847 veniret3
2106 2767 2248 2854 ipse
2275 2780 2305 2827 2

231 2875 488 2962 equites
527 2874 598 2937 in
633 2873 842 2939 vicem
875 2872 1233 2937 Remorum
1273 2892 1349 2935 ac
1392 2869 1767 2956 Lingonum
1813 2870 2250 2957 reliquarum-

135 2999 200 3049 25
232 3003 361 3067 que
390 2978 759 3053 civitatum,
791 2997 1073 3062 quorum
1104 2996 1419 3062 magnum
1454 2996 1802 3040 numerum
1836 2980 2249 3057 evocaverat,

232 3083 563 3173 praesidio
608 3080 1149 3170 pabulationibus
1194 3079 1430 3159 mittit,
1468 3078 1582 3165 qui
1629 3079 1888 3145 subitas
1930 3080 2250 3147 incursio-

232 3212 351 3255 nes
381 3187 673 3254 hostium
707 3186 1133 3251 sustinerent.

323 3292 515 3374 Quod
559 3313 710 3358 cum
755 3289 996 3356 cotidie
1041 3290 1231 3354 fieret
1275 3310 1352 3354 ac
1395 3286 1528 3353 iam
1575 3289 2050 3356 consuetudine
2095 3291 2245 3357 dili·
2280 3292 2370 3350 12

230 3398 462 3487 gentia
523 3396 952 3473 minueretur,
1002 3393 1178 3481 quod
1232 3392 1622 3480 plerumque
1684 3394 1928 3459 accidit
1985 3395 2247 3461 diutur-

135 3524 203 3572 30
233 3503 465 3579 nitate,
536 3499 870 3566 Bellovaci
956 3499 1212 3565 delecta
1294 3519 1498 3563 manu
1585 3498 1907 3585 peditum,
1966 3499 2249 3587 cognitis

230 3607 635 3674 stationibus
675 3604 1025 3671 cotidianis
1070 3603 1370 3689 equitum
1403 3607 1802 3684 nostrorum,
1832 3603 2249 3671 silvestribus

235 3810 396 3937 311,11
424 3805 453 3879 §
486 3808 531 3861 1.
578 3805 634 3862 0.
667 3805 1008 3860 Toebom'um.
1082 3800 1188 3858 See
1225 3804 1276 3871 6,
1312 3800 1341 3873 ξ
1373 3801 1437 3943 1p
1492 3800 1612 3857 'I'he
1639 3820 1987 3871 praenomen
2028 3804 2101 3869 G,
2138 3823 2251 3862 was

349 3878 508 3951 plied
533 3878 607 3947 by
636 3874 711 3931 M.
734 3875 816 3932 cl.
844 3875 1031 3931 Gertz.
1104 3874 1191 3932 Cf.
1223 3875 1280 3929 C.
1299 3876 1372 3939 8.,
1440 3872 1753 3944 p.207-12.

474 3950 893 4005 abulationibus.
946 3946 1034 4001 W.
1055 3944 1290 4002 Nitsche
1316 3944 1402 4015 (Ζ.
1398 3891 1483 3999 poli).
1494 3944 1684 4013 „1894
1713 3963 1771 4016 p.
1796 3944 1940 4014 778),
1970 3946 2250 4031 referring

233 4027 296 4080 to
325 4022 391 4078 10
358 3953 472 4094 ἔ
475 4020 524 4087 3
558 4018 682 4091 17§
710 4020 762 4089 2,
782 4019 895 4075 and
921 4016 1139 4073 various
1163 4018 1329 4074 other
1352 4034 1618 4088 passages
1641 4016 1828 4071 which
1855 4017 2010 4072 show
2035 4019 2205 4074 that
2188 4038 2250 4075 ιιι

235 4095 375 4151 such
413 4092 766 4163 expressions
801 4091 900 4145 the
938 4093 1196 4145 concrete
1234 4106 1348 4145 was
1391 4087 1691 4158 generally
1727 4089 2016 4171 preferred
2055 4094 2114 4145 to
2151 4091 2250 4147 the

235 4168 504 4233 abstract,
534 4180 804 4235 proposes
830 4160 1886 4233 pabulator-mumbut,re1nembering
1918 4159 2014 4229 vii,
2047 4161 2129 4226 16,
2160 4161 2251 4246 §3

239 4240 445 4307 (omnes
468 4245 683 4292 nostras
703 4237 1249 4317 pabulationes„
1283 4232 1672 4302 .observabae),
1703 4232 1726 4285 Ι
1753 4231 1827 4285 do
1861 4235 1965 4287 not
1994 4232 2164 4288 think
2203 4234 2252 4289 it

236 4311 356 4366 safe
384 4310 445 4366 to
472 4308 650 4378 reject
673 4309 772 4363 the
798 4306 1093 4377 authority
1119 4306 1183 4362 of
1204 4305 1298 4361 the
1326 4303 1485 4358 MSS.

310 4385 404 4445 12,
433 4379 461 4454 §
494 4381 540 4435 l.
577 4381 916 4445 stationibuS,
940 4377 1127 4434 which
1165 4375 1485 4434 sometimes
1526 4374 1595 4447 (e.
1605 4392 1659 4447 g.
1695 4374 1755 4430 in
1789 4375 1849 4444 ii,
1889 4375 1971 4443 18,
2008 4374 2036 4449 §
2069 4378 2101 4431 3
2137 4378 2251 4434 and

1160 4466 1349 4532 Bb2
