3177 5166
938 339 1068 405 308
1502 337 1625 403 DE
1672 336 1959 403 BELLO
2005 334 2396 402 GALLICO

941 501 1292 581 RomanoS,
1323 501 1436 588 qui
1479 502 1624 567 eius
1667 501 1981 588 praesidii
2018 501 2263 567 fiducia
2300 523 2437 567 una
2474 505 2686 566 erant.
2784 501 2970 566 Con·
3085 2 3121 612 1

939 607 1129 673 tinuo
1202 629 1520 693 magnum
1596 629 1948 672 numerum
2020 605 2342 671 frumenti
2414 611 2968 692 commeatusque

849 726 912 774 10
937 710 1189 798 diripit,
1211 711 1388 797 ipsos
1416 710 1777 778 crudeliter
1805 709 2215 777 excruciatos
2246 709 2577 776 interficit.
2655 708 2966 775 Nuntios

939 820 1084 881 tota
1136 815 1412 881 civitate
1474 814 1908 880 Haeduorum
1967 813 2272 897 dimittit,
2316 812 2544 880 eodem
2604 813 2964 879 mendacio

937 919 1019 985 de
1063 919 1262 986 caede
1307 920 1610 1005 equitum
1655 925 1726 986 et
1771 920 2145 1007 principum
2189 924 2571 1006 permovet3
2637 919 2964 984 hortatur
2985 937 3014 982 5

935 1029 1015 1089 ut
1088 1024 1290 1089 simili
1361 1025 1620 1091 ratione
1689 1031 1889 1112 atque
1949 1025 2091 1111 ipse
2156 1022 2391 1090 fecerit
2453 1044 2609 1090 suas
2667 1022 2962 1089 iniurias

935 1132 1438 1215 persequantur.

500 1255 694 1318 Epore-
813 1247 909 1304 39
1023 1232 1433 1319 Eporedorix
1470 1232 1812 1310 Haeduus,
1840 1254 2099 1299 summo
2138 1231 2281 1298 loco
2320 1237 2518 1297 natus
2561 1230 2962 1298 adulescens

498 1321 761 1437 ssgssfsiu·
934 1340 1004 1401 et
1047 1358 1344 1402 summae
1388 1337 1567 1402 domi
1614 1336 1971 1423 potentiae,
2002 1340 2073 1401 et
2115 1357 2253 1401 una
2283 1335 2763 1412 Viridomarus,
2801 1336 2958 1423 pari

497 1453 691 1503 Caesar
711 1455 772 1505 of
933 1445 1154 1507 aetate
1199 1447 1269 1507 et
1311 1442 1552 1529 gratia,
1590 1441 1706 1507 sed
1750 1462 1991 1529 genere
2033 1440 2305 1527 dispari,
2334 1461 2529 1526 quem
2568 1438 2821 1506 Caesar
2864 1440 2958 1505 ab
2982 1454 3039 1500 ιο

498 1520 727 1636 &gam
933 1543 1274 1612 Diviciaco
1320 1545 1448 1611 sibi
1497 1545 1821 1611 traditum
1875 1566 1959 1610 ex
2008 1544 2245 1609 humili
2290 1544 2432 1610 loco
2477 1543 2562 1609 ad
2614 1565 2952 1609 summam

497 1652 706 1715 design.
932 1649 1328 1737 dignitatem
1390 1650 1813 1738 perduxerat,
1866 1650 1936 1714 in
1996 1648 2296 1735 equitum
2361 1668 2638 1713 numero
2705 1669 2955 1714 conve·

876 1772 908 1820 2
933 1760 1174 1820 nerant
1217 1756 1615 1821 nominatim
1661 1755 1749 1820 ab
1792 1777 1871 1821 eo
1913 1754 2191 1821 evocati.
2282 1752 2410 1817 His
2460 1756 2606 1818 erat
2647 1752 2837 1818 inter
2878 1775 2954 1818 se

932 1856 1014 1923 de
1053 1858 1436 1945 principatu
1477 1859 1833 1936 contentio,
1864 1864 1934 1925 et
1963 1859 2033 1923 in
2081 1857 2198 1923 illa
2237 1855 2752 1944 magistratuum
2789 1877 2953 1921 eon-

929 1963 1260 2029 troversia
1326 1963 1500 2030 alter
1557 1986 1680 2051 pro
1738 1962 2289 2039 Convictolitave,
2339 1960 2512 2026 alter
2578 1982 2699 2046 pro
2769 1959 2953 2027 Coto
2979 1978 3038 2024 15

873 2079 904 2128 3
929 2068 1207 2133 summis
1250 2068 1491 2154 opibus
1534 2072 1974 2155 pugnaverat.
2065 2067 2170 2132 Ex
2215 2065 2321 2132 his
2373 2064 2783 2151 Eporedorix
2841 2087 2952 2131 co-

928 2171 1120 2257 gnito
1191 2171 1510 2238 Litavicci
1579 2171 1853 2238 consilio
1910 2170 2129 2236 media
2188 2171 2328 2236 fere
2396 2173 2588 2235 nocte
2649 2190 2787 2234 rem
2859 2169 2953 2235 ad

931 2273 1279 2342 Caesarem
1330 2276 1591 2356 defert3
1647 2282 1797 2343 orat
1843 2298 1925 2341 ne
1973 2276 2276 2364 patiatur
2319 2274 2664 2341 civitatem
2713 2276 2952 2362 pravis

929 2378 1450 2445 adulescentium
1510 2378 1804 2446 consiliis
1860 2378 1947 2444 ab
2015 2378 2312 2445 amicitia
2369 2377 2598 2464 populi
2657 2376 2951 2443 Romani

930 2483 1221 2561 deficere,
1255 2483 1430 2570 quod
1479 2483 1787 2549 futurum
1833 2482 2203 2570 provideat,
2232 2482 2288 2547 si
2333 2504 2404 2548 se
2448 2487 2555 2548 tot
2596 2480 2950 2547 hominum
2977 2499 3038 2547 20

929 2588 1118 2653 milia
1174 2610 1325 2654 cum
1384 2588 1689 2654 hostibus
1757 2588 2248 2667 coniunxerint,
2305 2608 2588 2673 quorum
2656 2587 2950 2652 salutem

929 2714 1142 2779 neque
1173 2693 1529 2780 propinqui
1560 2692 1907 2780 neglegere
1937 2714 2151 2779 neque
2180 2692 2419 2759 civitas
2448 2691 2583 2757 levi
2605 2698 2953 2757 momento

930 2798 1282 2864 aestimare
1313 2798 1538 2884 possit.

801 2922 902 2978 40
1015 2903 1263 2988 Magna
1330 2901 1637 2969 adfectus
1696 2901 2142 2968 sollicitudine
2195 2900 2319 2968 hoc
2376 2901 2617 2967 nuntio
2677 2899 2949 2979 Caesar,

928 3007 1104 3093 quod
1134 3028 1392 3093 semper
1423 3005 1857 3073 Haeduorum
1888 3006 2149 3072 civitati
2172 3006 2524 3093 praecipue
2554 3004 2948 3083 indulserat,
2973 3022 3035 3070 εδ

925 3111 1113 3177 nulla
1155 3111 1550 3198 interposita
1596 3111 2015 3176 dubitatione
2045 3110 2351 3199 *legiones
2395 3110 2742 3198 expeditas
2788 3109 2948 3175 1111

867 3236 898 3284 2
925 3218 1429 3302 equitatumque
1470 3238 1733 3282 omnem
1779 3239 1864 3283 ex
1898 3216 2135 3283 castris
2182 3215 2424 3296 educit,
2451 3236 2575 3281 nec
2611 3214 2747 3279 fuit
2789 3235 2948 3301 spa-

922 3321 1093 3386 tium
1143 3320 1263 3386 tali
1313 3324 1611 3409 tempore
1662 3321 1747 3386 ad
1810 3318 2265 3387 contrahenda
2322 3324 2560 3401 castra,
2605 3318 2780 3404 quod
2835 3342 2945 3385 τω

868 3445 896 3493 3
923 3425 1142 3512 posita
1193 3426 1264 3490 in
1318 3425 1660 3492 celeritate
1713 3425 2105 3506 videbatur;
2173 3423 2253 3492 C.
2307 3423 2588 3489 Fabium
2641 3423 2942 3511 legatum

923 3553 1075 3595 cum
1140 3529 1513 3617 legionibus
1582 3530 1843 3596 duabus
1911 3528 2147 3596 castris
2207 3527 2538 3615 praesidio
2598 3527 2939 3615 relinquit.
2965 3544 3021 3592 so

1001 3685 1108 3759 §9.
1146 3695 1325 3741 erunt.
1404 3685 1722 3741 Mommsen
1760 3684 1838 3755 (J.
1857 3686 1944 3750 B„
1973 3683 2129 3750 1894,
2158 3701 2215 3755 p.
2237 3683 2370 3753 209)
2408 3684 2770 3754 conjectures
2806 3685 2936 3740 that

925 3758 1129 3813 Caesar
1152 3762 1329 3813 wrote
1356 3761 1549 3824 ierunt,
1574 3756 1682 3811 but
1707 3754 1864 3827 gives
1889 3773 1962 3812 no
1988 3773 2202 3812 reason.
2271 3755 2391 3812 The
2416 3754 2732 3812 alteration
2756 3775 2934 3812 seems

924 3834 986 3885 to
1004 3848 1093 3885 me
1111 3846 1501 3899 unnecessary.
1555 3826 1642 3885 cf.
1653 3828 1712 3893 ii,
1724 3827 1810 3894 24,
1824 3826 1854 3900 ξ
1869 3829 1916 3893 1,
1933 3830 2192 3901 -eqm'tes
2203 3829 2938 3900 nostrilevisqueamatme

920 3905 1138 3971 pedites,
1164 3905 1260 3972 qui
1283 3920 1403 3955 cum
1429 3904 1503 3955 iis
1524 3917 1655 3954 una
1667 3903 1967 3969 fuerant.

994 3976 1095 4037 39,
1122 3971 1152 4044 ξ
1183 3974 1233 4028 1.
1269 3975 1534 4027 traditum
1560 3971 1608 4025 is
1632 3971 1768 4026 here
1795 3970 1930 4027 used
1955 3970 2019 4025 in
2042 3970 2142 4027 the
2167 3986 2327 4026 sense
2352 3969 2418 4026 of
2436 3972 2886 4027 commandatum.

1053 4046 1105 4099 2.
1144 4048 1208 4100 de
1224 4046 1564 4137 pre'ncipatu.
1642 4041 1745 4099 See
1770 4043 1869 4098 the
1897 4045 2029 4099 note
2055 4059 2129 4098 on
2157 4041 2195 4106 i,
2223 4042 2273 4106 3,
2304 4039 2334 4114 ξ
2361 4043 2410 4097 5.

1055 4116 1103 4170 3.
1133 4120 1326 4185 possit.
1383 4114 1503 4171 'lhe
1530 4113 1688 4169 MSS.
1705 4113 1846 4170 have
1863 4122 2074 4183 possem
2109 4114 2213 4169 but
2240 4131 2334 4170 see
2357 4112 2457 4169 the
2482 4116 2618 4170 note
2644 4130 2718 4167 on
2744 4130 2827 4178 m,
2852 4114 2927 4177 11,

926 4186 955 4260 ξ
982 4188 1014 4241 5
1041 4190 1273 4258 (possit).
1348 4186 1416 4241 In
1441 4185 1638 4243 Oratio
1665 4185 1845 4242 Recta
1866 4187 1966 4241 the
1990 4185 2147 4242 word
2171 4184 2360 4242 would
2383 4185 2616 4242 become
2634 4193 2827 4255 potest.

992 4262 1105 4323 40,
1132 4257 1162 4331 ξ
1194 4260 1241 4315 1.
1280 4262 1574 4329 mpeditus.
1649 4256 1754 4314 See
1780 4258 1876 4313 the
1904 4261 2039 4313 note
2065 4274 2137 4313 on
2168 4256 2256 4326 11,
2286 4255 2390 4330 §8.

994 4329 1024 4402 ξ
1052 4331 1100 4385 3.
1140 4334 1333 4385 castris
1364 4330 1515 4399 here,
1543 4347 1607 4385 as
1641 4329 1701 4384 in
1732 4330 1820 4393 46,
1850 4327 1880 4402 ᾗ
1908 4329 1960 4394 3,
1986 4329 2076 4398 82,
2104 4326 2134 4401 ᾗ
2161 4327 2215 4397 2,
2241 4328 2356 4384 and
2391 4327 2478 4394 83,
2508 4326 2539 4399 ξ
2568 4326 2615 4391 1,
2642 4327 2926 4397 evidently

922 4419 1115 4458 means
1147 4403 1161 4429 ‘
1185 4418 1379 4472 campe
1395 4400 1427 4468 ’,
1454 4405 1556 4458 not
1583 4406 1598 4432 ‘
1616 4418 1783 4471 camp
1804 4399 1845 4471 ’ς
1882 4399 1972 4457 for
1997 4399 2023 4454 1
2049 4398 2195 4457 need
2218 4398 2422 4471 hardly
2448 4416 2548 4471 say
2572 4399 2704 4455 that
2729 4398 2928 4455 Caesar
