3177 5166
881 332 965 395 82
1436 330 1557 396 DE
1603 332 1890 398 BELLO
1937 331 2327 400 GALLICO

881 497 1070 585 pueri
1117 496 1555 582 mulieresque
1600 518 1683 561 ex
1724 517 1916 561 muro
1951 497 2161 583 passis
2197 496 2505 562 manibus
2548 518 2668 562 suo
2714 518 2896 564 more

881 623 1109 688 pacem
1141 602 1227 667 ab
1257 601 1575 667 Romanis
1601 601 1960 687 petierunt.

760 721 859 778 14
974 706 1100 772 Pro
1144 706 1250 770 his
1294 705 1675 772 Diviciacus
1717 707 1896 789 (nam
1944 709 2094 791 post
2135 706 2492 772 discessum
2539 706 2895 793 Belgarum

883 810 1172 876 dimissis
1224 810 1656 877 Haeduorum
1707 810 1915 897 copiis
1960 808 2047 877 ad
2092 833 2243 876 eum
2289 814 2684 897 reverterat)
2732 811 2898 877 facit

826 931 858 978 2
886 915 1123 982 verba:
1169 914 1553 982 Bellovacos
1574 914 1759 979 omni
1782 919 2076 1001 tempore
2108 914 2179 979 in
2208 915 2339 981 fide
2369 919 2571 1003 atque
2600 916 2899 983 amicitia
2926 933 2957 982 5

828 1039 858 1086 3
883 1019 1183 1087 civitatis
1215 1018 1534 1085 Haeduae
1558 1018 1800 1100 fuisse3
1844 1019 2163 1106 impulsos
2193 1019 2279 1084 ab
2300 1020 2440 1085 suis
2468 1019 2899 1107 principibus,

886 1124 1002 1210 qui
1032 1122 1328 1190 dicerent
1360 1123 1677 1189 Haeduos
1704 1145 1746 1189 a
1769 1122 2049 1190 Caesare
2080 1123 2150 1187 in
2181 1124 2576 1190 servitutem
2599 1124 2900 1190 redactos

886 1249 1114 1293 omnes
1171 1226 1610 1315 indignitates
1673 1228 2236 1314 contumeliasque
2304 1228 2619 1315 perferre,
2674 1235 2743 1294 et
2812 1229 2899 1295 ab

889 1332 1190 1399 Haeduis
1221 1331 1537 1399 defecisse
1568 1336 1637 1398 et
1676 1333 1923 1419 populo
1964 1333 2264 1400 Romano
2300 1333 2547 1400 bellum
2579 1334 2899 1399 intulisse.

833 1450 862 1497 4
891 1437 1022 1519 Qui
1053 1438 1195 1503 eius
1229 1437 1489 1504 consilii
1519 1437 1851 1524 principes
1892 1437 2193 1516 fuissent,
2222 1438 2399 1523 quod
2440 1438 2904 1525 intellegerent
2929 1458 2996 1505 10

889 1549 1209 1629 quantam
1256 1542 1705 1608 calamitatem
1756 1542 2016 1609 civitati
2065 1543 2467 1620 intulissent,
2513 1543 2582 1607 in
2636 1542 2903 1608 Britan-

833 1664 864 1713 6
890 1647 1070 1712 niam
1124 1646 1516 1734 profugisse.
1609 1646 1837 1713 Petere
1889 1668 2025 1712 non
2075 1647 2288 1712 solum
2341 1647 2747 1729 Bellovacos,
2788 1645 2904 1712 sed

892 1752 1096 1817 etiam
1140 1772 1261 1837 pro
1306 1751 1411 1816 his
1451 1751 1784 1833 HaeduOS,
1811 1757 1891 1817 ut
1934 1773 2056 1817 sua
2098 1752 2450 1819 clementia
2484 1774 2561 1817 ac
2601 1772 2905 1817 mansue·
3154 1714 3159 1937 Α

837 1865 866 1911 6
894 1856 1127 1921 tudine
1185 1855 1257 1921 in
1311 1878 1421 1923 eos
1472 1859 1724 1922 utatur.
1814 1856 2009 1936 Quod
2062 1857 2119 1921 si
2173 1856 2423 1934 fecerit,
2471 1853 2906 1922 Haeduorum

894 1960 1362 2027 auctoritatem
1442 1960 1622 2046 apud
1699 1981 1927 2027 omnes
2008 1961 2249 2048 Belgas
2328 1961 2907 2048 amplificaturum,
2938 1978 3002 2027 15

897 2086 1179 2152 quorum
1215 2064 1489 2131 auxiliis
1527 2070 1731 2151 atque
1773 2065 2030 2152 opibus,
2060 2066 2117 2131 si
2158 2088 2292 2151 qua
2331 2065 2506 2132 bella
2536 2064 2911 2143 inciderint,

897 2172 1272 2235 sustentare
1303 2170 1704 2236 consuerint.

777 2285 871 2341 15
987 2272 1234 2340 Caesar
1284 2273 1556 2339 honoris
1608 2271 1933 2340 Diviciaci
1981 2279 2183 2360 atque
2235 2274 2669 2340 Haeduorum
2714 2294 2914 2339 causa

900 2399 1041 2444 sese
1083 2399 1193 2444 eos
1232 2378 1302 2442 in
1339 2378 1538 2443 fidem
1579 2382 2003 2465 recepturum
2033 2383 2103 2444 et
2139 2384 2687 2446 conservaturum
2718 2377 2916 2454 dixit,

901 2488 971 2548 et
1016 2482 1192 2568 quod
1237 2492 1382 2548 erat
1426 2482 1669 2549 civitas
1719 2505 1962 2571 magna
2010 2484 2189 2549 inter
2233 2484 2472 2571 Belgas
2516 2483 2916 2550 auctoritate
2941 2497 3009 2544 20

902 2593 1104 2674 atque
1149 2587 1494 2654 hominurn
1543 2588 1976 2655 multitudine
2028 2590 2435 2677 praestabat,
2482 2588 2602 2656 Dc
2654 2586 2918 2654 obsides

467 2712 578 2765 and
601 2711 662 2761 of
682 2710 779 2762 the
846 2708 877 2757 2
904 2693 1222 2780 poposcit.
1315 2693 1446 2759 His
1498 2693 1771 2759 traditis
1813 2694 2252 2780 omnibusque
2296 2695 2500 2759 armis
2544 2716 2627 2759 ex
2672 2691 2918 2779 oppido

466 2779 744 2832 Ambiani.
905 2796 1203 2876 conlatiS,
1247 2797 1334 2862 ab
1380 2819 1458 2864 eo
1508 2797 1652 2864 loco
1703 2798 1773 2863 in
1824 2799 1990 2865 fines
2041 2799 2521 2865 Ambianorum
2574 2797 2919 2885 pervenit;

850 2916 880 2964 3
907 2902 1022 2989 qui
1067 2924 1138 2968 se
1181 2923 1432 2989 suaque
1476 2903 1701 2969 omnia
1745 2903 1888 2968 sine
1931 2925 2119 2970 mora
2161 2902 2578 2969 dediderunt.
2669 2902 2917 2967 Eorum

905 3008 1073 3072 fines
1123 3005 1361 3072 Nervii
1414 3006 1858 3095 attingebant.
1962 3008 2263 3090 Quorum
2307 3008 2390 3073 de
2433 3011 2678 3074 natura
2722 3007 2918 3073 mori·
2948 3025 3014 3074 25

851 3131 881 3178 4
908 3111 1163 3198 busque
1200 3111 1446 3179 Caesar
1480 3133 1633 3179 cum
1670 3117 2033 3199 quaereret,
2071 3113 2166 3181 sic
2206 3112 2612 3200 reperiebat:
2660 3110 2922 3176 nullum

909 3237 1049 3281 esse
1111 3215 1374 3282 aditum
1436 3217 1522 3283 ad
1586 3239 1699 3283 eos
1759 3218 2280 3299 mercatoribus;
2357 3216 2529 3281 nihil
2583 3216 2727 3303 pati
2780 3214 2924 3280 vini

910 3320 1446 3408 reliquarumque
1495 3343 1718 3388 rerum
1766 3323 1853 3388 ad
1905 3323 2244 3389 luxuriam
2286 3321 2767 3409 pertinentium
2820 3322 2921 3385 in-

914 3424 1098 3504 ferri,
1151 3426 1328 3512 quod
1379 3427 1486 3492 his
1546 3427 1745 3493 rebus
1806 3427 2302 3515 relanguescere
2370 3426 2626 3491 animos
2696 3445 2924 3490 eorum

914 3660 1103 3716 would
1145 3661 1217 3717 be
1257 3679 1386 3732 very
1426 3662 1605 3718 weak.
1681 3661 1805 3719 One
1841 3661 2035 3734 might
2060 3663 2340 3718 translate
2382 3670 2444 3715 ut
2480 3701 2493 3716 .
2527 3702 2541 3716 .
2573 3702 2590 3719 .
2624 3667 2820 3716 utatur
2852 3659 2928 3729 by

916 3734 1008 3787 ‘to
1033 3736 1187 3789 treat
1209 3732 1368 3788 them
1392 3732 1537 3789 with
1554 3734 1657 3790 the
1683 3734 2051 3792 forbearance
2071 3733 2184 3790 and
2210 3733 2513 3803 humanity
2534 3731 2623 3788 for
2641 3731 2827 3787 which
2855 3730 2928 3786 he

915 3821 1028 3859 was
1051 3801 1473 3875 distinguished
1492 3804 1525 3860 ⁸.

989 3877 1084 3939 15,
1108 3872 1138 3946 §
1163 3876 1214 3931 4.
1254 3893 1439 3931 eorum
1470 3876 1520 3932 is
1551 3876 1881 3948 suspicions.
1953 3876 2262 3934 Schneider
2297 3874 2547 3933 remarks
2570 3874 2698 3930 that
2722 3873 2776 3928 if
2806 3872 2930 3930 itis

918 3944 1163 4011 deleted,
1200 3949 1289 4002 his
1321 3949 1478 4004 rebus
1507 3989 1521 4005 .
1548 3987 1562 4001 .
1592 3990 1606 4005 .
1636 3952 1890 4004 virinum
1928 3953 2079 4005 must
2117 3949 2188 4005 be
2224 3948 2402 4004 taken
2445 3964 2506 4002 as
2546 3945 2830 4016 applying
2867 3949 2930 4000 to

919 4016 1198 4073 mankind
1222 4018 1284 4073 in
1306 4019 1557 4090 general,
1575 4024 1680 4076 not
1695 4023 1756 4075 to
1774 4019 1876 4076 the
1900 4019 2086 4077 Nervii
2113 4019 2176 4075 in
2203 4018 2549 4090 particulam
2584 4018 2688 4072 but
2713 4016 2932 4074 Meusel

916 4088 998 4159 (J.
1017 4091 1104 4155 B„
1134 4089 1289 4158 1910,
1316 4109 1371 4162 p.
1396 4091 1509 4162 64),
1538 4090 1664 4147 who
1689 4090 1855 4147 holds
1879 4093 2008 4148 that
2032 4090 2153 4147 this
2175 4091 2225 4146 is
2251 4089 2530 4161 precisely
2555 4088 2655 4144 the
2680 4105 2844 4145 sense
2870 4087 2931 4142 in

919 4160 1104 4217 which
1140 4161 1240 4218 the
1277 4163 1460 4217 words
1491 4179 1637 4220 were
1673 4162 1958 4226 intended,
1987 4162 2238 4218 remarks
2273 4162 2404 4217 that
2438 4160 2493 4216 if
2524 4160 2662 4229 they
2700 4158 2934 4230 applied

918 4231 1055 4303 only
1092 4235 1155 4288 to
1198 4232 1299 4289 the
1339 4232 1550 4304 Nervii,
1594 4233 1801 4290 Caesar
1838 4233 2024 4291 would
2067 4233 2209 4290 have
2250 4232 2482 4289 written
2525 4234 2631 4286 not
2670 4231 2938 4303 (animos)

921 4321 1108 4359 eorum
1148 4304 1255 4361 but
1291 4304 1556 4376 (animos)
1600 4325 1743 4363 suos.
1834 4305 2200 4374 Rutherford,
2239 4305 2514 4371 however,
2560 4321 2688 4374 says
2727 4303 2938 4374 (Gallio

932 4377 1080 4441 War,
1107 4376 1312 4431 Hand
1337 4377 1453 4444 III,
1488 4396 1543 4448 p.
1582 4378 1695 4448 61),
1726 4381 1838 4433 ‘we
1880 4395 1976 4433 are
2014 4381 2076 4434 to
2115 4375 2461 4432 understand
2503 4375 2633 4431 that
2672 4375 2772 4429 the
2814 4392 2939 4445 pre·
3143 4361 3148 4396 *

983 3591 1082 3653 14,
1105 3587 1137 3661 ξ
1164 3590 1214 3645 5.
1250 3608 1354 3645 sua
1386 3589 1434 3645 is
1470 3590 1760 3662 evidently
1786 3591 2112 3664 emphatic;
2147 3591 2253 3647 but
2277 3595 2337 3646 to
2372 3590 2578 3647 render
2600 3589 2651 3646 it
2674 3588 2748 3658 by
2775 3587 2898 3642 ‘his
2915 3587 2928 3610 ’
3145 3545 3153 4038 4
