3177 5166
812 356 1540 423 COMMENTARIUS
1587 356 1699 421 III
2139 359 2263 421 123

252 522 613 612 appellant,
658 544 939 607 quorum
984 523 1146 587 haec
1198 525 1300 587 est
1350 521 1665 597 condici0‚
1708 527 1788 587 ut
1832 521 2139 587 omnibus
2192 522 2261 586 in
2288 538 2320 586 2

260 629 403 694 vita
472 626 833 693 commodis
902 648 1038 691 una
1096 648 1243 691 cum
1306 625 1388 690 iis
1462 624 1778 690 fruantur
1846 648 2126 711 quorum
2194 648 2263 691 se

255 732 591 799 amicitiae
636 731 1035 808 dediderint,
1065 730 1122 795 si
1164 729 1324 815 quid
1365 730 1470 794 his
1512 753 1631 817 per
1667 732 1804 794 vim
1842 730 2117 810 accidat,
2145 737 2268 795 aut

256 837 537 902 eundem
568 857 796 902 casum
820 856 956 901 una
978 834 1202 900 ferant
1230 838 1352 900 aut
1380 834 1507 900 sibi
1530 840 1811 901 mortem
1834 835 2267 914 consciscant3

197 957 231 1002 5
257 963 469 1027 neque
500 941 717 1006 adhuc
750 940 1093 1005 hominum
1124 939 1443 1004 memoria
1464 943 1766 1025 repertus
1795 947 1895 1006 est
1917 939 2268 1024 quisquam
2297 961 2326 1007 3

258 1046 391 1131 qui,
409 1067 487 1110 eo
517 1044 871 1110 interfecto
900 1044 1088 1109 cuius
1118 1065 1188 1108 se
1218 1043 1550 1109 amicitiae
1573 1042 1969 1121 devovisset,
1988 1049 2266 1108 mortem

258 1154 846 1215 recusaret—cum
909 1148 1015 1212 his
1080 1147 1508 1214 Adiatunnus
1579 1148 1992 1233 eruptionem
2055 1146 2270 1212 facere
2297 1161 2326 1209 4

258 1259 536 1320 conatus
576 1253 859 1319 clamore
906 1251 992 1317 ab
1034 1273 1112 1316 ea
1158 1256 1347 1337 parte
1389 1251 1782 1317 munitionis
1821 1251 2085 1316 sublato
2119 1273 2268 1316 cum

259 1359 344 1423 ad
420 1380 609 1423 arma
682 1356 929 1421 milites
1001 1356 1488 1422 concurrissent
1549 1356 2102 1441 vehementerque
2178 1355 2270 1419 ibi

167 1479 231 1525 10
260 1469 633 1549 pugnatum
666 1466 855 1539 esset,
882 1459 1185 1545 repulsus
1214 1459 1285 1524 in
1314 1460 1631 1546 oppidum
1654 1467 1879 1525 tamen
1909 1460 2011 1524 uti
2043 1459 2271 1524 eadem

261 1566 619 1632 deditionis
648 1564 1031 1631 condicione
1060 1569 1364 1629 uteretur
1391 1586 1433 1628 a
1463 1563 1703 1629 Crasso
1732 1564 2139 1652 impetravit.

350 1670 576 1734 Armis
619 1668 1091 1753 obsidibusque
1142 1667 1447 1753 acceptis,
1492 1666 1773 1733 Crassus
1817 1668 1887 1731 in
1935 1668 2097 1733 fines
2153 1667 2272 1731 Vo-
2302 1682 2397 1739 2³
2417 1691 2585 1753 Aqui-

262 1775 511 1841 catium
556 1778 626 1839 et
668 1773 1094 1838 Tarusatium
1142 1769 1478 1857 profectus
1518 1776 1638 1840 est.
1724 1772 1894 1837 Tum
1925 1794 2082 1838 vero
2126 1772 2274 1836 bar-
2302 1791 2332 1838 2
2419 1754 2726 1807 tanianand

265 1880 412 1944 bari
455 1878 787 1958 commoti,
824 1877 999 1962 quod
1046 1875 1363 1963 oppidum
1409 1881 1478 1941 et
1518 1882 1763 1942 natura
1802 1876 1926 1941 loci
1965 1881 2033 1941 et
2076 1897 2277 1941 manu
2419 1823 2655 1940 ῗὲἶὲὲώ

175 2001 239 2048 15
267 1983 601 2048 munitum
654 1981 882 2067 paucis
933 1980 1169 2045 diebus
1220 1980 1461 2066 quibus
1514 2003 1590 2045 eo
1643 1990 1921 2046 ventum
1976 1985 2120 2046 erat
2171 2003 2280 2045 ex·
2420 1957 2670 2085 ζὲξξὲζῗθ

268 2091 642 2174 pugnatum
711 2089 1177 2171 cognoverant,
1237 2085 1491 2172 legatos
1562 2106 1823 2171 quoque
1885 2107 2114 2150 versus
2179 2084 2276 2148 di·
2423 2090 2660 2138 Crassus·

270 2192 555 2269 mittere,
583 2189 947 2267 coniurare,
977 2188 1237 2253 obsides
1274 2189 1451 2253 inter
1484 2211 1553 2254 se
1583 2189 1760 2268 dare,
1792 2190 2015 2275 copias
2046 2210 2279 2275 parare

269 2299 645 2381 coeperunt.
734 2293 1106 2359 Mittuntur
1157 2294 1356 2358 etiam
1410 2292 1494 2358 ad
1548 2315 1659 2358 eas
1711 2294 2023 2359 civitates
2074 2292 2278 2379 legati
2308 2305 2338 2354 3

273 2417 443 2484 quae
487 2403 648 2463 sunt
690 2397 1017 2463 citerioris
1064 2397 1430 2483 Hispaniae
1476 2397 1801 2462 finitimae
1845 2396 2282 2482 Aquitaniae:

177 2522 246 2569 20
274 2503 429 2567 inde
465 2501 719 2568 auxilia
748 2501 1075 2588 ducesque
1115 2507 1558 2568 arcessuntur.
1651 2502 1946 2582 Quorum
1987 2501 2284 2567 adventu
2313 2515 2339 2561 4

274 2630 520 2695 magna
569 2629 720 2673 cum
780 2607 1178 2673 auctoritate
1238 2613 1306 2673 et
1365 2630 1610 2695 magna
1671 2604 1878 2697 [cum]
1942 2607 2282 2672 hominum

276 2711 708 2777 multitudine
757 2710 1004 2777 bellum
1051 2734 1279 2799 gerere
1326 2717 1669 2778 conantur.
1761 2712 1978 2777 Duces
2027 2733 2182 2776 vero
2236 2710 2282 2773 ii
2312 2727 2343 2775 5

280 2830 378 2885 the
409 2845 563 2885 same
599 2827 841 2884 relation
866 2831 927 2883 to
951 2827 1105 2883 their
1134 2828 1284 2883 lords
1320 2845 1382 2883 as
1410 2828 1509 2883 the
1536 2826 1722 2884 Celtic
1753 2831 1983 2894 clientes,
2010 2828 2075 2883 of
2099 2826 2288 2883 whom

280 2901 488 2958 Caesar
535 2918 661 2970 says
709 2899 827 2969 (vii,
868 2898 954 2964 40,
997 2898 1027 2971 ξ
1069 2901 1124 2967 7)
1169 2900 1301 2954 that
1347 2897 1563 2955 ‘Gallie
1611 2903 1829 2955 custom
1880 2899 2088 2956 brands
2132 2898 2180 2952 it
2228 2915 2288 2953 as

281 2972 567 3028 sbameful
586 2973 674 3026 for
688 2970 968 3027 retainers
984 2974 1045 3026 to
1064 2971 1251 3028 desert
1271 2970 1426 3027 their
1443 2970 1598 3028 lords
1617 2988 1754 3027 even
1774 2970 1939 3027 when
1959 2970 2039 3026 all
2062 2970 2109 3024 is
2128 2970 2239 3026 lost
2257 2969 2288 3022 ⁹.

279 3044 402 3100 The
438 3046 741 3115 argument
776 3042 853 3112 by
892 3041 1079 3097 which
1118 3043 1250 3098 Max
1288 3042 1474 3098 Radin
1511 3042 1692 3112 (C.J.,
1735 3042 1890 3111 1912,
1926 3061 2020 3113 pp.
2054 3039 2293 3109 309-10)

283 3116 387 3171 has
420 3114 739 3185 attempted
767 3119 829 3169 to
864 3114 1053 3169 refute
1081 3114 1198 3169 this
1223 3114 1360 3170 view
1385 3114 1448 3179 ie,
1480 3117 1540 3169 to
1567 3132 1662 3184 my
1687 3113 1862 3182 mind,
1889 3112 2290 3171 inconclusive.

285 3186 391 3244 See
416 3190 484 3241 Α.
506 3188 564 3241 G.
581 3187 655 3251 S„
676 3183 734 3250 ii,
767 3185 1097 3242 1599-1601.

282 3330 304 3400 (
353 3257 415 3331 §§
441 3259 564 3314 2-3.
595 3260 903 3400 {ieamer-int
940 3297 956 3313 .
995 3297 1011 3313 .
1050 3300 1064 3314 .
1100 3260 1394 3313 devovisset.
1467 3255 1572 3313 See
1599 3257 1699 3312 the
1732 3264 1867 3313 note
1903 3274 1976 3312 on
2001 3255 2060 3324 ii,
2086 3256 2173 3321 35,
2203 3254 2230 3325 ξ
2262 3254 2287 3308 1

310 3332 591 3386 incolerent
622 3370 633 3383 .

356 3404 456 3467 23,
482 3400 512 3471 ξ
541 3401 591 3456 3.
628 3403 892 3456 citerioris
911 3402 1234 3470 Hispaniae.
1293 3399 1413 3457 'I'he
1439 3401 1659 3456 Roman
1684 3398 1948 3470 province
1975 3399 2041 3454 of
2053 3402 2066 3428 ‘
2086 3398 2297 3454 Hither

286 3473 465 3544 Spain
482 3473 497 3496 '
524 3473 620 3543 lay
644 3471 901 3528 between
926 3472 1025 3528 the
1050 3471 1201 3528 Ebro
1225 3472 1341 3528 and
1358 3473 1456 3528 the
1482 3472 1782 3543 Pyrenees.

291 3543 468 3682 1950?
491 3541 2297 3699 grasaseerwsssrigamffuisae&{zm-0132&

286 3689 539 3744 between
578 3704 654 3742 an
691 3686 970 3757 adjective
1006 3688 1119 3741 and
1156 3704 1193 3742 a
1226 3687 1601 3749 substantive,
1641 3685 1852 3755 always
1892 3685 1998 3740 has
2034 3701 2070 3739 a
2106 3684 2295 3740 modal

288 3777 467 3823 sense,
496 3775 558 3813 as
581 3758 644 3813 in
670 3777 872 3827 mayna
895 3777 1018 3813 cum
1041 3762 1391 3824 auctoritate;
1427 3759 1509 3831 (2)
1532 3760 1728 3813 bellum
1750 3776 1929 3826 qerere
1953 3776 2071 3812 cum
2097 3776 2296 3827 mayna

289 3833 572 3885 hominum
597 3833 946 3885 multitudine
970 3830 1159 3885 would
1188 3848 1353 3886 mean
1391 3835 1406 3860 ‘
1424 3835 1482 3887 to
1515 3848 1677 3899 carry
1712 3846 1787 3884 on
1811 3829 1910 3884 the
1939 3846 2055 3883 war
2082 3834 2301 3899 aquinae

289 3919 325 3957 a
350 3903 501 3973 large
527 3901 765 3958 number
789 3902 854 3957 of
880 3919 1010 3957 men
1028 3901 1074 3967 ’ς
1118 3903 1233 3957 and
1261 3901 1340 3973 (3)
1364 3919 1504 3959 even
1537 3901 1590 3955 if
1618 3920 1740 3956 cum
1773 3901 1909 3956 here
1941 3900 2107 3955 could
2134 3917 2300 3956 mean

290 3992 408 4028 una
450 3992 587 4037 eum,
632 3972 680 4027 it
722 3973 908 4029 would
954 3972 1112 4044 yield
1153 3992 1228 4029 no
1269 3991 1442 4042 sense,
1487 3974 1578 4028 for
1619 3973 1720 4029 the
1768 3990 1969 4041 mayna
2012 3974 2301 4027 multitudo

292 4044 559 4100 included
606 4044 708 4101 the
751 4042 1128 4115 Aquitaniam
1167 4046 1519 4102 themselves.
1590 4042 1729 4098 This
1766 4044 1875 4099 last
1911 4046 2215 4113 argument
2253 4042 2301 4097 is

291 4115 468 4172 weak.
542 4115 611 4170 In
637 4116 710 4186 vi,
740 4117 821 4183 10,
850 4115 879 4188 ξ
903 4119 937 4171 4
964 4133 1045 4172 we
1068 4117 1203 4172 read
1230 4118 1361 4173 that
1385 4118 1580 4173 Suebos
1603 4135 1811 4173 omnes.
1837 4157 1850 4170 .
1872 4156 1885 4169 .
1904 4134 2025 4170 cum
2050 4116 2302 4169 omnibus

291 4190 1006 4315 wisigocgcguanltqtqihcgpiig
1029 4230 1043 4244 .
1070 4231 1083 4245 .
1112 4229 1126 4243 .
1149 4207 1204 4244 se
1227 4193 1519 4315 &cefff-‘¹3:33
1552 4187 1704 4245 Here
1720 4189 1966 4270 omnibu-3
1989 4189 2302 4313 ςαίἷίἓοχίξῖε

291 4277 535 4413 {timia
562 4278 663 4386 121‘3'0
689 4278 881 4387 ἔξω,
906 4276 1261 4404 ῗέιῗῑίΐῖἷξξ
1277 4302 1348 4388 'of
1368 4278 1475 4389 ‘Ehe
1501 4276 2141 4386 ιὲαἶιῖῑέῗῗῖἒέἒὲῖἷῑ.
2171 4274 2300 4383 “03

295 4422 333 4467 1,
359 4404 412 4468 2,
441 4400 470 4475 ξ
511 4404 537 4456 1
575 4405 883 4475 (On-yetorae'x
907 4444 922 4460 .
952 4442 967 4458 .
1002 4445 1015 4459 .
1042 4407 1248 4458 civitati
1280 4406 1554 4474 persuasit
1591 4413 1654 4458 ut
1689 4406 1752 4457 de
1776 4404 1993 4470 finibus
2028 4404 2146 4455 suis
2181 4420 2302 4456 cum
