3177 5166
774 304 1504 371 COMMENTARIUS
1553 305 1726 370 VIII
2135 308 2262 372 395

256 464 596 532 Commius
635 465 976 532 incensum
1020 467 1385 533 calcaribus
1430 489 1674 554 equum
1715 466 2063 554 coniungit
2097 488 2266 552 equo
2292 492 2321 541 5

258 569 586 650 Quadrati
607 570 965 658 lanceaque
988 570 1239 637 infesta
1267 570 1559 637 medium
1585 571 1807 638 femur
1834 571 1976 637 eius
2005 571 2266 658 magnis

257 673 515 741 viribus
584 674 827 741 traicit.
918 675 1262 742 Praefecto
1326 676 1678 743 vulnerato
1746 699 1881 742 non
1951 675 2267 742 dubitant
2291 692 2321 738 6

256 780 470 845 nostri
529 779 835 846 resistere
902 786 970 846 et
1033 781 1368 848 conversis
1437 781 1624 868 equis
1694 782 1950 848 hostem
2003 780 2264 868 pellere.

195 906 228 956 5
259 883 452 964 Quod
477 883 593 949 ubi
615 884 875 967 accidit,
897 885 1266 973 complures
1295 886 1586 953 hostium
1620 908 1864 974 magno
1886 889 2265 952 nostrorum
2295 900 2323 953 7

258 989 512 1076 impetu
556 989 841 1077 perculsi
890 989 1332 1056 vulnerantur
1376 1013 1451 1057 ac
1496 990 1744 1077 partim
1792 990 1865 1055 in
1909 989 2075 1077 fuga
2119 1013 2267 1077 pro-

258 1096 588 1172 teruntur,
631 1093 876 1181 partim
942 1093 1495 1180 intercipiuntur;
1565 1095 1743 1181 quod
1795 1093 1970 1182 [ubi]
2019 1094 2267 1159 malum

258 1199 400 1264 dux
470 1198 621 1284 equi
695 1198 1046 1264 velocitate
1111 1198 1413 1267 evitavit.
1505 1198 1820 1264 Graviter
1879 1198 2269 1265 vulneratus

258 1302 652 1390 praefectus,
704 1306 783 1368 ut
851 1302 1031 1368 vitae
1094 1303 1462 1390 periculum
1533 1304 1841 1369 aditurus
1912 1303 2267 1381 videretur,

165 1430 232 1478 10
259 1407 549 1473 refertur
576 1406 646 1471 in
688 1410 923 1474 castra.
1015 1406 1355 1474 Commius
1395 1412 1621 1473 autem
1662 1408 1806 1473 sive
1840 1407 2108 1496 expiato
2148 1430 2269 1474 suo
2295 1424 2323 1472 8

260 1511 485 1578 dolore
528 1512 669 1577 sive
718 1533 962 1598 magna
1011 1516 1203 1599 parte
1252 1513 1496 1579 amissa
1545 1534 1833 1590 suorum,
1879 1512 2132 1600 legatos
2182 1511 2267 1576 ad

259 1617 631 1683 Antonium
674 1617 889 1682 mittit
927 1639 1126 1703 seque
1156 1622 1225 1683 et
1264 1617 1357 1682 ibi
1396 1617 1702 1685 futurum
1748 1617 1863 1683 ubi
1905 1616 2269 1705 praescrip·

260 1722 425 1788 serit
471 1726 538 1788 et
586 1745 662 1788 ea
712 1721 1045 1789 facturum
1099 1744 1268 1809 quae
1313 1723 1659 1811 imperarit
1702 1722 2042 1789 obsidibus
2093 1721 2270 1787 datis

260 1828 519 1906 firmat3
592 1848 802 1892 unum
853 1826 1021 1892 illud
1074 1831 1223 1893 orat
1280 1833 1360 1894 ut
1408 1828 1635 1894 timori
1684 1850 1804 1894 suo
1854 1827 2268 1904 concedatur,
2295 1846 2326 1894 9

165 1952 233 2001 15
262 1953 345 1997 ne
385 1931 457 1996 in
498 1936 920 2019 conspectum
964 1932 1194 1998 veniat
1236 1932 1626 2019 cuiusquam
1668 1932 1970 1999 Romani.
2061 1929 2270 1998 Cuius

261 2036 779 2123 postulationem
821 2037 1156 2103 Antonius
1190 2059 1341 2103 cum
1384 2037 1710 2104 iudicaret
1748 2038 1834 2103 ab
1874 2037 2051 2103 iusto
2087 2036 2270 2102 nasci

263 2142 520 2221 timore,
552 2142 817 2208 veniam
845 2142 1103 2230 petenti
1132 2142 1334 2222 dedit,
1367 2142 1630 2208 obsides
1659 2142 1929 2229 accepit.

353 2246 505 2313 Scio
545 2246 895 2314 Caesarem
935 2246 1349 2334 singulorum
1389 2268 1717 2313 annorum
1761 2245 2059 2333 singulos
2096 2267 2270 2312 com·
2298 2268 2360 2316 10

264 2351 625 2418 mentarios
665 2352 1058 2433 confecisse3
1115 2352 1292 2439 quod
1337 2374 1458 2439 ego
1502 2375 1638 2418 non
1678 2351 2060 2418 existimavi
2107 2350 2271 2416 mihi

167 2475 237 2524 20
264 2478 405 2522 esse
480 2456 875 2536 faciendum,
933 2461 1287 2545 propterea
1360 2457 1537 2543 quod
1612 2458 1965 2544 insequens
2038 2478 2272 2533 annus,
2414 2487 2481 2536 50
2504 2500 2609 2536 ac.

265 2561 338 2628 L.
394 2562 617 2642 Paulo,
657 2560 732 2630 C.
775 2562 1088 2630 Marcello
1139 2562 1536 2644 consulibus,
1582 2563 1802 2629 nullas
1857 2585 1963 2629 res
2017 2562 2272 2630 Galliae

264 2667 468 2733 habet
497 2690 741 2756 magno
780 2690 975 2755 opere
1004 2676 1246 2756 gestaS.
1337 2668 1443 2734 Ne
1479 2668 1629 2754 quis
1667 2673 1892 2734 tamen
1931 2668 2274 2756 ignoraret
2300 2679 2359 2726 11

265 2772 507 2858 quibus
553 2774 621 2838 in
668 2772 827 2839 locis
869 2772 1113 2839 Caesar
1153 2772 1612 2859 exercitusque
1658 2795 1735 2838 eo
1772 2777 2070 2860 tempore
2107 2772 2271 2838 fuis-

264 2882 433 2957 sent,
463 2899 676 2965 pauca
706 2899 845 2943 esse
887 2877 1234 2943 scribenda
1271 2877 1862 2965 coniungendaque
1903 2877 2056 2944 huic
2099 2899 2272 2942 com·

167 3001 235 3050 25
262 2982 591 3048 mentario
619 2982 847 3049 statui.

353 3086 598 3154 Caesar
634 3086 705 3151 in
746 3086 976 3174 Belgio
1015 3110 1163 3153 cum
1207 3087 1548 3165 hiemaret,
1583 3109 1789 3152 unum
1837 3087 2002 3152 illud
2034 3108 2270 3174 propo·
2295 3099 2395 3157 49
2415 3113 2611 3164 caesar

264 3195 468 3259 situm
522 3192 829 3269 habebat,
874 3193 1210 3259 continere
1263 3193 1334 3256 in
1385 3192 1682 3259 amicitia
1731 3192 2057 3269 civitateS,
2104 3191 2271 3256 nulli
2414 3181 2725 3297 ἶῧὲθὲἑῗιξξῗ

264 3320 446 3384 spem
493 3302 613 3363 aut
651 3319 916 3364 causam
963 3297 1121 3363 dare
1157 3319 1511 3363 armorum.
1604 3297 1795 3362 Nihil
1835 3298 2010 3362 enim
2052 3296 2273 3362 minus
2297 3322 2328 3370 2

266 3403 533 3469 volebat
584 3424 782 3489 quam
835 3401 960 3467 sub
1007 3402 1343 3468 decessum
1392 3424 1586 3468 suum
1641 3402 2098 3468 necessitatem
2144 3401 2273 3467 sibi

169 3524 238 3574 30
264 3507 558 3593 aliquam
624 3507 877 3595 imponi
947 3506 1103 3572 belli
1171 3507 1465 3594 gerendi,
1520 3529 1627 3587 ne,
1687 3529 1835 3573 cum
1907 3506 2273 3573 exercitum

266 3611 672 3678 deducturus
717 3616 909 3692 esset,
950 3611 1196 3677 bellum
1241 3612 1510 3698 aliquod
1556 3611 2059 3698 relinqueretur,
2096 3610 2273 3697 quod

266 3715 482 3784 omnis
504 3715 721 3782 Gallia
743 3716 1029 3782 libenter
1050 3716 1191 3782 sine
1215 3716 1547 3803 praesenti
1577 3716 1871 3804 periculo
1895 3716 2273 3803 susciperet.

266 3823 507 3908 Itaque
536 3821 890 3887 honorifice
920 3821 1228 3888 civitates
1258 3821 1672 3908 appellandO,
1701 3820 2032 3908 principes
2062 3819 2274 3886 maxi·
2301 3841 2331 3889 3

267 3927 393 3993 mis
423 3926 734 4015 praemiis
775 3926 1156 4006 adficiendo,
1188 3925 1375 3992 nulla
1403 3949 1606 3993 onera
1645 3949 1822 3993 nova
1849 3925 2276 4013 iniungendO,

340 4148 369 4224 ξ
399 4150 483 4207 10.
522 4155 801 4224 insequens
823 4153 1166 4216 atinum—50
1189 4166 1241 4206 Β.
1260 4166 1312 4208 c.

340 4242 536 4294 mayno
579 4242 733 4295 opere
781 4223 1070 4307 evidently
1112 4225 1246 4280 does
1292 4227 1396 4280 not
1444 4242 1614 4280 mean
1658 4222 1974 4295 ‘greatly’,
2015 4224 2122 4279 but
2166 4223 2277 4279 ‘on

269 4312 305 4350 a
340 4301 508 4366 great
540 4295 689 4353 scale
713 4296 743 4349 ’.
818 4295 955 4365 Livy
986 4295 1090 4366 (111,
1117 4297 1205 4362 26,
1234 4293 1263 4369 §
1291 4297 1347 4366 3)
1385 4314 1515 4352 uses
1547 4296 1648 4352 the
1678 4294 1859 4353 words
1897 4296 1955 4351 in
1985 4296 2086 4354 the
2123 4312 2275 4353 same

272 4371 682 4433 sense‚-nulla
707 4386 1021 4440 maynopere
1043 4370 1192 4424 clade
1217 4376 1446 4438 accepta.
