3177 5166
840 322 1573 390 COMMENTARIUS
1622 323 1718 388 VI
2150 324 2276 392 231

360 485 508 552 Hac
550 488 740 572 parte
776 485 1032 552 Galliae
1071 492 1325 574 pacata,
1355 492 1539 554 totus
1579 492 1648 553 et
1687 491 1909 554 mente
1950 491 2019 553 et
2060 484 2284 551 animo
2311 501 2356 560 5
2410 502 2626 553 eamr·
2689 508 2694 516 ·

273 589 345 656 in
373 589 621 657 bellum
653 591 1091 658 Treverorum
1123 598 1191 659 et
1220 592 1628 680 Ambiorigis
1656 592 1926 658 insistit.
2009 590 2283 657 Cavari-
2310 618 2340 664 2
2410 582 2702 696 ξ’ζῗζζξξὴ

271 716 435 761 num
485 714 634 761 cum
689 696 994 782 equitatu
1048 696 1384 763 Senonum
1432 719 1654 763 secum
1703 695 2024 783 proficisci
2077 695 2281 772 iubet,
2408 701 2718 752 Ambiorix.

272 821 356 864 ne
424 799 574 886 quis
643 802 763 866 aut
821 822 905 865 ex
965 800 1165 866 huius
1230 801 1574 868 iracundia
1642 806 1762 867 aut
1820 823 1904 867 ex
1971 822 2048 865 eo
2107 799 2284 886 quod

213 917 247 970 5
272 907 608 971 meruerat
663 903 815 970 odio
873 903 1168 971 civitatis
1233 910 1454 972 motus
1522 906 1788 972 existat.
1902 904 2029 970 His
2088 904 2285 970 rebus
2310 925 2341 973 3

270 1007 671 1086 constitutis
716 1009 892 1095 quod
939 1030 1060 1097 pro
1107 1011 1452 1096 explorato
1499 1009 1791 1077 habebat
1832 1008 2285 1095 Ambiorigem

273 1113 525 1202 proelio
575 1136 708 1179 non
760 1136 899 1181 esse
958 1120 1447 1196 contenturum,
1497 1115 1753 1201 reliqua
1809 1115 1953 1180 eius
2010 1112 2316 1180 consilia-

273 1218 500 1283 animo
572 1218 1153 1306 circumspiciebat.
1266 1220 1479 1286 Erant
1554 1219 1848 1306 Menapii
1927 1217 2285 1306 propinqui
2312 1234 2338 1282 4

276 1322 662 1389 Eburonum
708 1322 972 1403 finibus,
1002 1324 1340 1411 perpetuis
1383 1324 1739 1412 paludibus
1781 1323 2096 1410 silvisque
2142 1344 2286 1388 mu-

185 1444 253 1496 10
276 1426 427 1505 niti,
461 1426 578 1514 qui
617 1426 733 1492 uni
781 1444 865 1493 ex
911 1427 1130 1494 Gallia
1172 1428 1255 1494 de
1299 1451 1459 1516 pace
1510 1430 1597 1495 ad
1643 1428 1991 1496 Caesarem
2037 1428 2292 1516 legatos

277 1554 640 1618 numquam
704 1531 1039 1599 miserant.
1129 1533 1301 1601 Cum
1361 1534 1466 1599 his
1525 1556 1663 1600 esse
1715 1533 2077 1621 hospitium
2129 1532 2289 1598 Am·

279 1637 522 1724 biorigi
567 1636 850 1716 sciebat3
912 1637 1073 1702 item
1115 1660 1235 1725 per
1277 1639 1599 1705 Treveros
1640 1638 1897 1704 venisse
1943 1637 2292 1704 Germanis

280 1744 351 1808 in
387 1741 748 1809 amicitiam
785 1747 1205 1830 cognoverat.
1299 1743 1482 1809 Haec
1521 1742 1709 1831 prius
1749 1742 1847 1807 illi
1883 1742 2294 1808 detrahenda
2319 1756 2350 1805 5
2422 1759 2499 1809 Aa
2520 1774 2553 1808 a
2575 1771 2693 1823 pre·

279 1847 537 1914 auxilia
581 1847 1011 1913 existimabat
1061 1869 1261 1934 quam
1313 1848 1528 1935 ipsum
1578 1848 1751 1914 bello
1802 1848 2169 1926 lacesseret,
2210 1869 2294 1913 ne
2421 1825 2684 1954 ssfflsssss?

192 1964 257 2016 15
282 1953 633 2040 desperata
660 1951 874 2018 salute
904 1957 1025 2018 aut
1063 1974 1133 2018 se
1178 1953 1249 2017 in
1293 1953 1637 2041 Menapios
1676 1951 1950 2019 abderet
1988 1957 2109 2018 aut
2144 1974 2298 2034 cum·
2421 1955 2670 2034 mag-ebes

284 2057 809 2123 Transrhenanis
847 2057 1159 2145 congredi
1189 2063 1551 2145 cogeretur.
1645 2058 1788 2124 Hoc
1825 2055 2295 2123 initoconsilio
2322 2078 2353 2128 6
2421 2021 2731 2151 ffiffiffif'e

192 2159 200 2165 ’
283 2162 492 2230 totius
521 2162 850 2229 exereitus
878 2162 1355 2250 impedimenta
1376 2163 1462 2229 ad
1492 2163 1859 2230 Labienum
1884 2162 1952 2226 in
1978 2161 2297 2227 Treveros

285 2268 498 2334 mittit
534 2266 830 2354 duasque
870 2268 955 2333 ad
997 2291 1149 2334 eum
1189 2268 1480 2356 legiones
1521 2266 1845 2355 proficisci
1884 2266 2107 2346 iubet3
2158 2266 2299 2353 ipse

283 2394 435 2439 cum
472 2371 846 2459 legionibus
889 2372 1221 2459 expeditis
1254 2373 1312 2437 V
1344 2372 1418 2438 in
1463 2372 1805 2458 Menapios
1844 2369 2298 2458 proficiscitur.

195 2489 261 2538 20
286 2476 398 2541 Illi
448 2476 635 2542 nulla
680 2480 908 2543 coacta
953 2498 1156 2541 manu
1206 2475 1330 2543 loci
1384 2476 1714 2564 praesidio
1766 2474 1925 2541 freti
1974 2475 2043 2540 in
2096 2474 2301 2539 silvas
2329 2492 2356 2544 7

288 2581 690 2669 paludesque
719 2581 1118 2667 confugiunt
1146 2604 1396 2669 suaque
1426 2581 1656 2648 eodem
1686 2580 2062 2653 conferunt.

374 2687 622 2754 Caesar
639 2687 906 2774 partitis
927 2688 1133 2775 copiis
1150 2710 1300 2753 cum
1320 2686 1392 2754 C.
1406 2686 1613 2752 Fabio
1631 2686 1850 2773 legato
1873 2690 1942 2751 et
1962 2685 2049 2750 M.
2063 2684 2301 2751 Crasso
2328 2697 2374 2754 6
2427 2687 2553 2738 who
2592 2754 2602 2765 ,

289 2796 634 2879 quaestore
663 2790 1093 2879 celeriterque
1125 2792 1374 2860 effectis
1415 2791 1730 2878 pontibus
1769 2789 1914 2855 adit
1942 2788 2301 2876 tripertitO,
2427 2755 2648 2805 subm1t.

289 2896 589 2963 aedificia
631 2896 941 2983 vicosque
986 2896 1299 2975 incendit,
1348 2918 1592 2984 magno
1636 2895 1889 2983 pecoris
1935 2899 2136 2981 atque
2181 2894 2297 2958 ho·

200 3011 265 3063 25
290 3000 545 3068 minum
574 3023 851 3068 numero
881 3001 1156 3088 potitur.
1249 3001 1507 3082 Quibus
1537 3001 1735 3066 rebus
1770 2998 1977 3065 coacti
2011 2997 2302 3085 Menapii
2328 3018 2358 3064 2

293 3108 544 3193 legatos
595 3105 680 3171 ad
735 3128 885 3172 eum
939 3106 1120 3193 pacis
1168 3105 1491 3192 petendae
1544 3126 1741 3170 causa
1788 3103 2093 3173 mittunt.
2181 3102 2303 3167 llle
2332 3123 2360 3170 3

290 3209 630 3294 obsidibus
668 3211 954 3298 acceptis
995 3210 1285 3277 hostium
1317 3232 1384 3275 se
1416 3232 1691 3275 numero
1731 3209 2120 3274 habiturum
2151 3220 2305 3272 con-

291 3316 533 3392 firmat,
584 3316 641 3380 si
701 3323 821 3381 aut
873 3314 1327 3402 Ambiorigem
1381 3319 1501 3380 aut
1554 3314 1696 3380 eius
1755 3313 2007 3400 legatos
2060 3310 2305 3375 finibus

293 3421 430 3485 suis
491 3420 908 3507 recepissent.
1022 3419 1149 3485 His
1207 3419 1617 3486 confirmatis
1675 3418 1870 3484 rebus
1929 3416 2303 3484 Commium
2335 3443 2362 3490 4

204 3540 269 3590 30
291 3524 681 3591 Atrebatem
739 3547 889 3591 cum
941 3524 1247 3611 equitatu
1307 3523 1599 3590 custodis
1657 3523 1797 3589 loeo
1857 3522 1928 3586 in
1982 3521 2308 3607 Menapiis

294 3629 650 3715 relinquit3
702 3628 842 3716 ipse
888 3628 961 3693 in
1003 3628 1324 3694 Treveros
1368 3626 1826 3715 proficiscitur.

367 3745 427 3806 5,
455 3740 484 3814 ξ
514 3741 561 3797 1.
599 3750 647 3797 et
678 3750 849 3797 memo
874 3749 921 3796 et
953 3744 1154 3797 animo.
1226 3740 1352 3810 Any
1378 3756 1483 3796 one
1508 3741 1633 3795 who
1660 3737 1776 3794 will
1802 3738 1987 3808 think,
2015 3737 2186 3809 using
2218 3738 2308 3794 his

202 3859 212 3866 .
293 3813 634 3885 dictionem-y,
672 3812 728 3868 if
758 3829 1064 3884 necessary,
1109 3829 1216 3868 can
1255 3811 1376 3867 find
1414 3814 1514 3868 out
1557 3812 1658 3867 the
1701 3810 2005 3866 difference
2048 3811 2310 3866 between

298 3894 473 3941 mente
517 3885 631 3940 and
679 3888 882 3941 animo.
953 3885 1136 3941 There
1186 3883 1236 3939 is
1277 3901 1314 3940 a
1355 3882 1592 3949 similar,
1641 3882 1745 3938 but
1793 3900 1948 3938 more
1999 3880 2308 3949 elaborate,

296 3955 637 4095 εξριῖεείρᾶ
650 3956 836 4083 inuthe
862 3955 1329 4083 Catqchis31‚—·t‘h
1318 3953 1460 4082 wgff
1484 3954 1565 4009 all
1591 3973 1687 4082 my
1712 3954 1896 4081 beart,
1925 3954 2064 4008 with
2101 3952 2181 4007 all
2211 3971 2309 4023 my

297 4047 416 4084 min
500 4047 570 4084 wi
661 4046 697 4084 a
766 4047 820 4082 m
886 4044 1124 4093 sou,an
1190 4046 1259 4083 wi
1464 4045 1518 4080 m
1585 4044 1740 4083 eren
1850 4066 1863 4079 .

370 4098 400 4174 ξ
428 4100 477 4156 6.
518 4103 682 4155 totius
705 4139 719 4154 .
748 4142 763 4157 .
792 4141 805 4155 .
824 4046 1218 4171 impedimenta
1251 4097 1398 4154 need
1431 4045 1630 4154 notybe
1658 4116 1735 4154 un
1778 4096 2003 4153 elstood
2037 4094 2310 4166 literally.

299 4172 369 4227 In
406 4172 505 4228 the
549 4171 854 4243 campaign
889 4171 955 4228 of
991 4172 1061 4228 52
1098 4186 1225 4228 no,
1265 4169 1470 4227 Caesar
1513 4169 1623 4226 left
1665 4169 1767 4225 the
1813 4169 1884 4223 ba
2039 4185 2069 4223 e
2111 4168 2174 4222 of
2212 4167 2312 4223 the

295 4243 480 4300 whole
523 4260 688 4315 army
731 4247 794 4300 at
835 4242 1190 4316 Agedincum
1231 4241 1422 4314 (Sene)
1465 4240 1581 4311 (vii,
1627 4242 1709 4305 10,
1807 4240 1892 4310 3);
1976 4242 2056 4302 ut,
2099 4255 2163 4295 as
2200 4256 2313 4308 any

300 4314 510 4373 soldier
551 4314 737 4372 would
773 4315 1146 4384 understand,
1190 4315 1291 4371 the
1335 4318 1742 4530 arm5331evert
1785 4311 1929 4370 eless
1977 4310 2113 4367 took
2158 4326 2311 4368 some

297 4387 558 4461 baggage
594 4386 732 4441 with
771 4384 819 4441 it
855 4383 976 4442 into
1014 4387 1114 4444 the
1150 4386 1282 4442 field
1319 4386 1432 4455 (35,
1502 4460 1535 4513 2

370 4462 652 4531 expeditis.
725 4458 828 4515 See
854 4459 953 4515 the
979 4462 1114 4516 note
1144 4475 1219 4515 on
1244 4457 1306 4526 ii,
1336 4458 1418 4526 19,
