<?xml version="1.0" encoding="UTF-8"?>
<!DOCTYPE html PUBLIC "-//W3C//DTD XHTML 1.0 Transitional//EN"
    "http://www.w3.org/TR/xhtml1/DTD/xhtml1-transitional.dtd">
<html xmlns="http://www.w3.org/1999/xhtml" xml:lang="en" lang="en">
 <head>
  <title>
</title>
<meta http-equiv="Content-Type" content="text/html;charset=utf-8" />
  <meta name='ocr-system' content='tesseract 3.04.00' />
  <meta name='ocr-capabilities' content='ocr_page ocr_carea ocr_par ocr_line ocrx_word'/>
</head>
<body>
  <div class='ocr_page' id='page_1' title='image "./ciulicaesarisco00caesgoog_0404.png"; bbox 0 0 3177 5166; ppageno 0'>
   <div class='ocr_carea' id='block_1_1' title="bbox 945 287 2399 357">
    <p class='ocr_par' dir='ltr' id='par_1_1' title="bbox 945 287 2399 357">
     <span class='ocr_line' id='line_1_1' title="bbox 945 287 2399 357; baseline -0.001 0"><span class='ocrx_word' id='word_1_1' title='bbox 945 294 1075 357; x_wconf 83' lang='lat'>318</span> <span class='ocrx_word' id='word_1_2' title='bbox 1511 292 1633 357; x_wconf 89' lang='lat' dir='ltr'>DE</span> <span class='ocrx_word' id='word_1_3' title='bbox 1679 289 1967 357; x_wconf 87' lang='lat' dir='ltr'><strong>BELLO</strong></span> <span class='ocrx_word' id='word_1_4' title='bbox 2009 287 2399 356; x_wconf 85' lang='lat' dir='ltr'>GALLICO</span> 
     </span>
    </p>
   </div>
   <div class='ocr_carea' id='block_1_2' title="bbox 821 451 3069 3158">
    <p class='ocr_par' dir='ltr' id='par_1_2' title="bbox 948 451 2986 646">
     <span class='ocr_line' id='line_1_2' title="bbox 948 451 2986 541; baseline -0.001 -23"><span class='ocrx_word' id='word_1_5' title='bbox 948 454 1395 541; x_wconf 70' lang='lat' dir='ltr'><strong>manipulares</strong></span> <span class='ocrx_word' id='word_1_6' title='bbox 1424 459 1627 541; x_wconf 87' lang='lat' dir='ltr'>atque</span> <span class='ocrx_word' id='word_1_7' title='bbox 1658 455 1744 521; x_wconf 92' lang='lat' dir='ltr'>ab</span> <span class='ocrx_word' id='word_1_8' title='bbox 1774 455 1858 520; x_wconf 92' lang='lat' dir='ltr'>iis</span> <span class='ocrx_word' id='word_1_9' title='bbox 1897 455 2287 521; x_wconf 88' lang='lat' dir='ltr'>sublevatus</span> <span class='ocrx_word' id='word_1_10' title='bbox 2325 474 2595 518; x_wconf 89' lang='lat' dir='ltr'>murum</span> <span class='ocrx_word' id='word_1_11' title='bbox 2627 451 2986 524; x_wconf 79' lang='lat' dir='ltr'>ascendit3</span> 
     </span>
     <span class='ocr_line' id='line_1_3' title="bbox 948 555 2943 646; baseline 0 -25"><span class='ocrx_word' id='word_1_12' title='bbox 948 556 1069 624; x_wconf 82' lang='lat' dir='ltr'>hos</span> <span class='ocrx_word' id='word_1_13' title='bbox 1097 557 1239 645; x_wconf 88' lang='lat' dir='ltr'>ipse</span> <span class='ocrx_word' id='word_1_14' title='bbox 1269 580 1500 625; x_wconf 90' lang='lat' dir='ltr'>rursus</span> <span class='ocrx_word' id='word_1_15' title='bbox 1528 558 1830 646; x_wconf 88' lang='lat' dir='ltr'>singulos</span> <span class='ocrx_word' id='word_1_16' title='bbox 1859 563 2220 646; x_wconf 85' lang='lat' dir='ltr'>exceptans</span> <span class='ocrx_word' id='word_1_17' title='bbox 2248 558 2319 622; x_wconf 91' lang='lat' dir='ltr'>in</span> <span class='ocrx_word' id='word_1_18' title='bbox 2348 579 2618 623; x_wconf 90' lang='lat' dir='ltr'>murum</span> <span class='ocrx_word' id='word_1_19' title='bbox 2654 555 2943 622; x_wconf 77' lang='lat' dir='ltr'>extulit.</span> 
     </span>
    </p>

    <p class='ocr_par' dir='ltr' id='par_1_3' title="bbox 821 662 3029 1065">
     <span class='ocr_line' id='line_1_4' title="bbox 821 662 2986 752; baseline -0.002 -22"><span class='ocrx_word' id='word_1_20' title='bbox 821 674 921 731; x_wconf 79' lang='grc'>48</span> <span class='ocrx_word' id='word_1_21' title='bbox 1036 663 1317 729; x_wconf 87' lang='lat' dir='ltr'>Interim</span> <span class='ocrx_word' id='word_1_22' title='bbox 1357 663 1407 728; x_wconf 93' lang='lat' dir='ltr'>ii</span> <span class='ocrx_word' id='word_1_23' title='bbox 1452 663 1568 751; x_wconf 91' lang='lat' dir='ltr'>qui</span> <span class='ocrx_word' id='word_1_24' title='bbox 1611 663 1698 728; x_wconf 90' lang='lat' dir='ltr'>ad</span> <span class='ocrx_word' id='word_1_25' title='bbox 1741 664 2023 729; x_wconf 89' lang='lat' dir='ltr'>alteram</span> <span class='ocrx_word' id='word_1_26' title='bbox 2067 668 2326 752; x_wconf 87' lang='lat' dir='ltr'>partem</span> <span class='ocrx_word' id='word_1_27' title='bbox 2361 662 2612 750; x_wconf 88' lang='lat' dir='ltr'>oppidi,</span> <span class='ocrx_word' id='word_1_28' title='bbox 2645 667 2736 728; x_wconf 87' lang='lat' dir='ltr'>ut</span> <span class='ocrx_word' id='word_1_29' title='bbox 2775 683 2986 749; x_wconf 82' lang='lat' dir='ltr'>supra</span> 
     </span>
     <span class='ocr_line' id='line_1_5' title="bbox 949 767 2986 854; baseline -0.001 -21"><span class='ocrx_word' id='word_1_30' title='bbox 949 767 1574 850; x_wconf 86' lang='lat' dir='ltr'>demonstravimus,</span> <span class='ocrx_word' id='word_1_31' title='bbox 1598 769 1991 835; x_wconf 90' lang='lat' dir='ltr'>munitionis</span> <span class='ocrx_word' id='word_1_32' title='bbox 2020 790 2220 835; x_wconf 86' lang='lat' dir='ltr'>causa</span> <span class='ocrx_word' id='word_1_33' title='bbox 2247 771 2725 846; x_wconf 85' lang='lat' dir='ltr'>convenerant,</span> <span class='ocrx_word' id='word_1_34' title='bbox 2760 768 2986 854; x_wconf 87' lang='lat' dir='ltr'>primo</span> 
     </span>
     <span class='ocr_line' id='line_1_6' title="bbox 950 872 3029 953; baseline -0.001 -14"><span class='ocrx_word' id='word_1_35' title='bbox 950 873 1267 940; x_wconf 88' lang='lat' dir='ltr'>exaudito</span> <span class='ocrx_word' id='word_1_36' title='bbox 1308 873 1613 953; x_wconf 89' lang='lat' dir='ltr'>clamore,</span> <span class='ocrx_word' id='word_1_37' title='bbox 1647 874 1802 940; x_wconf 89' lang='lat' dir='ltr'>inde</span> <span class='ocrx_word' id='word_1_38' title='bbox 1846 874 2050 940; x_wconf 91' lang='lat' dir='ltr'>etiam</span> <span class='ocrx_word' id='word_1_39' title='bbox 2094 872 2343 940; x_wconf 81' lang='lat' dir='ltr'>crebris</span> <span class='ocrx_word' id='word_1_40' title='bbox 2393 872 2653 938; x_wconf 83' lang='lat' dir='ltr'>nuntiis</span> <span class='ocrx_word' id='word_1_41' title='bbox 2706 872 2982 938; x_wconf 76' lang='lat' dir='ltr'>incitati</span> <span class='ocrx_word' id='word_1_42' title='bbox 3004 883 3029 930; x_wconf 75' lang='lat'>5</span> 
     </span>
     <span class='ocr_line' id='line_1_7' title="bbox 952 977 2986 1065; baseline -0.001 -21"><span class='ocrx_word' id='word_1_43' title='bbox 952 977 1270 1065; x_wconf 90' lang='lat' dir='ltr'>oppidum</span> <span class='ocrx_word' id='word_1_44' title='bbox 1293 1000 1335 1043; x_wconf 90' lang='lat' dir='ltr'>a</span> <span class='ocrx_word' id='word_1_45' title='bbox 1357 978 1675 1044; x_wconf 88' lang='lat' dir='ltr'>Romanis</span> <span class='ocrx_word' id='word_1_46' title='bbox 1697 979 1927 1055; x_wconf 91' lang='lat' dir='ltr'>teneri,</span> <span class='ocrx_word' id='word_1_47' title='bbox 1945 978 2324 1065; x_wconf 77' lang='lat' dir='ltr'>praemissis</span> <span class='ocrx_word' id='word_1_48' title='bbox 2353 977 2699 1064; x_wconf 89' lang='lat' dir='ltr'>equitibus</span> <span class='ocrx_word' id='word_1_49' title='bbox 2729 999 2986 1064; x_wconf 85' lang='lat' dir='ltr'>magno</span> 
     </span>
    </p>

    <p class='ocr_par' dir='ltr' id='par_1_4' title="bbox 897 1080 2986 1273">
     <span class='ocr_line' id='line_1_8' title="bbox 897 1080 2986 1167; baseline -0.001 -19"><span class='ocrx_word' id='word_1_50' title='bbox 897 1100 928 1148; x_wconf 83' lang='lat'>2</span> <span class='ocrx_word' id='word_1_51' title='bbox 954 1103 1153 1147; x_wconf 89' lang='lat' dir='ltr'>cursu</span> <span class='ocrx_word' id='word_1_52' title='bbox 1211 1104 1289 1148; x_wconf 93' lang='lat' dir='ltr'>eo</span> <span class='ocrx_word' id='word_1_53' title='bbox 1348 1082 1854 1148; x_wconf 89' lang='lat' dir='ltr'>contenderunt.</span> <span class='ocrx_word' id='word_1_54' title='bbox 1944 1083 2190 1148; x_wconf 91' lang='lat' dir='ltr'>Eorum</span> <span class='ocrx_word' id='word_1_55' title='bbox 2249 1084 2330 1147; x_wconf 92' lang='lat' dir='ltr'>ut</span> <span class='ocrx_word' id='word_1_56' title='bbox 2379 1080 2659 1167; x_wconf 89' lang='lat' dir='ltr'>quisque</span> <span class='ocrx_word' id='word_1_57' title='bbox 2715 1081 2986 1167; x_wconf 81' lang='lat' dir='ltr'>primns</span> 
     </span>
     <span class='ocr_line' id='line_1_9' title="bbox 957 1186 2984 1273; baseline -0.001 -22"><span class='ocrx_word' id='word_1_58' title='bbox 957 1191 1251 1265; x_wconf 87' lang='lat' dir='ltr'>venerat,</span> <span class='ocrx_word' id='word_1_59' title='bbox 1279 1186 1405 1252; x_wconf 90' lang='lat' dir='ltr'>sub</span> <span class='ocrx_word' id='word_1_60' title='bbox 1435 1209 1627 1253; x_wconf 90' lang='lat' dir='ltr'>muro</span> <span class='ocrx_word' id='word_1_61' title='bbox 1656 1187 2059 1254; x_wconf 86' lang='lat' dir='ltr'>consistebat</span> <span class='ocrx_word' id='word_1_62' title='bbox 2086 1207 2487 1272; x_wconf 89' lang='lat' dir='ltr'>suorumque</span> <span class='ocrx_word' id='word_1_63' title='bbox 2517 1186 2984 1273; x_wconf 87' lang='lat' dir='ltr'>pugnantium</span> 
     </span>
    </p>

    <p class='ocr_par' dir='ltr' id='par_1_5' title="bbox 900 1289 3062 1693">
     <span class='ocr_line' id='line_1_10' title="bbox 900 1289 2986 1379; baseline -0 -25"><span class='ocrx_word' id='word_1_64' title='bbox 900 1307 930 1354; x_wconf 85' lang='lat'><strong>3</strong></span> <span class='ocrx_word' id='word_1_65' title='bbox 958 1313 1305 1357; x_wconf 89' lang='lat' dir='ltr'>numerum</span> <span class='ocrx_word' id='word_1_66' title='bbox 1354 1291 1662 1379; x_wconf 75' lang='lat' dir='ltr'>augebat.</span> <span class='ocrx_word' id='word_1_67' title='bbox 1752 1291 2051 1373; x_wconf 84' lang='lat' dir='ltr'>Quorum</span> <span class='ocrx_word' id='word_1_68' title='bbox 2097 1313 2251 1358; x_wconf 91' lang='lat' dir='ltr'>cum</span> <span class='ocrx_word' id='word_1_69' title='bbox 2308 1311 2552 1377; x_wconf 84' lang='lat' dir='ltr'>magna</span> <span class='ocrx_word' id='word_1_70' title='bbox 2601 1289 2986 1355; x_wconf 87' lang='lat' dir='ltr'>multitudo</span> 
     </span>
     <span class='ocr_line' id='line_1_11' title="bbox 957 1393 3062 1482; baseline -0.001 -20"><span class='ocrx_word' id='word_1_71' title='bbox 957 1396 1393 1478; x_wconf 88' lang='lat' dir='ltr'>convenisset,</span> <span class='ocrx_word' id='word_1_72' title='bbox 1411 1400 1659 1462; x_wconf 89' lang='lat' dir='ltr'>matres</span> <span class='ocrx_word' id='word_1_73' title='bbox 1689 1394 2005 1476; x_wconf 82' lang='lat' dir='ltr'>familiae,</span> <span class='ocrx_word' id='word_1_74' title='bbox 2036 1417 2206 1482; x_wconf 88' lang='lat' dir='ltr'>quae</span> <span class='ocrx_word' id='word_1_75' title='bbox 2235 1395 2436 1482; x_wconf 90' lang='lat' dir='ltr'>paulo</span> <span class='ocrx_word' id='word_1_76' title='bbox 2463 1399 2624 1460; x_wconf 88' lang='lat' dir='ltr'>ante</span> <span class='ocrx_word' id='word_1_77' title='bbox 2653 1393 2987 1461; x_wconf 87' lang='lat' dir='ltr'>Romanis</span> <span class='ocrx_word' id='word_1_78' title='bbox 3008 1407 3062 1453; x_wconf 76' lang='lat'>10</span> 
     </span>
     <span class='ocr_line' id='line_1_12' title="bbox 959 1499 2988 1578; baseline -0 -13"><span class='ocrx_word' id='word_1_79' title='bbox 959 1501 1041 1566; x_wconf 92' lang='lat' dir='ltr'>de</span> <span class='ocrx_word' id='word_1_80' title='bbox 1101 1523 1292 1567; x_wconf 92' lang='lat' dir='ltr'>muro</span> <span class='ocrx_word' id='word_1_81' title='bbox 1351 1523 1590 1566; x_wconf 87' lang='lat' dir='ltr'>manus</span> <span class='ocrx_word' id='word_1_82' title='bbox 1641 1500 2024 1578; x_wconf 83' lang='lat' dir='ltr'>tendebant,</span> <span class='ocrx_word' id='word_1_83' title='bbox 2069 1521 2223 1566; x_wconf 90' lang='lat' dir='ltr'>suos</span> <span class='ocrx_word' id='word_1_84' title='bbox 2280 1499 2604 1565; x_wconf 83' lang='lat' dir='ltr'>obtestari</span> <span class='ocrx_word' id='word_1_85' title='bbox 2664 1505 2742 1566; x_wconf 90' lang='lat' dir='ltr'>et</span> <span class='ocrx_word' id='word_1_86' title='bbox 2803 1521 2988 1566; x_wconf 75' lang='lat' dir='ltr'>mone</span> 
     </span>
     <span class='ocr_line' id='line_1_13' title="bbox 961 1605 2988 1693; baseline -0 -21"><span class='ocrx_word' id='word_1_87' title='bbox 961 1605 1216 1672; x_wconf 84' lang='lat' dir='ltr'>Gallico</span> <span class='ocrx_word' id='word_1_88' title='bbox 1256 1627 1525 1693; x_wconf 86' lang='lat' dir='ltr'>passum</span> <span class='ocrx_word' id='word_1_89' title='bbox 1561 1605 1875 1692; x_wconf 78' lang='lat' dir='ltr'>capillum</span> <span class='ocrx_word' id='word_1_90' title='bbox 1914 1611 2251 1673; x_wconf 88' lang='lat' dir='ltr'>ostentare</span> <span class='ocrx_word' id='word_1_91' title='bbox 2293 1605 2670 1692; x_wconf 90' lang='lat' dir='ltr'>liberosque</span> <span class='ocrx_word' id='word_1_92' title='bbox 2709 1606 2793 1672; x_wconf 89' lang='lat' dir='ltr'>in</span> <span class='ocrx_word' id='word_1_93' title='bbox 2836 1629 2988 1674; x_wconf 85' lang='lat' dir='ltr'>con·</span> 
     </span>
    </p>

    <p class='ocr_par' dir='ltr' id='par_1_6' title="bbox 906 1710 3064 2091">
     <span class='ocr_line' id='line_1_14' title="bbox 906 1710 2990 1798; baseline 0.001 -23"><span class='ocrx_word' id='word_1_94' title='bbox 906 1737 935 1784; x_wconf 83' lang='lat'>4</span> <span class='ocrx_word' id='word_1_95' title='bbox 961 1714 1259 1797; x_wconf 89' lang='lat' dir='ltr'>spectum</span> <span class='ocrx_word' id='word_1_96' title='bbox 1302 1711 1602 1797; x_wconf 84' lang='lat' dir='ltr'>proferre</span> <span class='ocrx_word' id='word_1_97' title='bbox 1641 1716 2017 1798; x_wconf 89' lang='lat' dir='ltr'>coeperunt.</span> <span class='ocrx_word' id='word_1_98' title='bbox 2107 1711 2273 1777; x_wconf 87' lang='lat' dir='ltr'>Erat</span> <span class='ocrx_word' id='word_1_99' title='bbox 2307 1710 2626 1777; x_wconf 86' lang='lat' dir='ltr'>Romanis</span> <span class='ocrx_word' id='word_1_100' title='bbox 2671 1733 2806 1777; x_wconf 88' lang='lat' dir='ltr'>nec</span> <span class='ocrx_word' id='word_1_101' title='bbox 2847 1711 2990 1777; x_wconf 83' lang='lat' dir='ltr'>loeo</span> 
     </span>
     <span class='ocr_line' id='line_1_15' title="bbox 963 1815 2992 1903; baseline -0.001 -21"><span class='ocrx_word' id='word_1_102' title='bbox 963 1838 1082 1882; x_wconf 94' lang='lat' dir='ltr'>nec</span> <span class='ocrx_word' id='word_1_103' title='bbox 1112 1838 1387 1882; x_wconf 90' lang='lat' dir='ltr'>numero</span> <span class='ocrx_word' id='word_1_104' title='bbox 1417 1837 1632 1902; x_wconf 89' lang='lat' dir='ltr'>aequa</span> <span class='ocrx_word' id='word_1_105' title='bbox 1658 1815 2034 1896; x_wconf 84' lang='lat' dir='ltr'>contenti03</span> <span class='ocrx_word' id='word_1_106' title='bbox 2078 1816 2278 1882; x_wconf 71' lang='lat' dir='ltr'>simffl</span> <span class='ocrx_word' id='word_1_107' title='bbox 2317 1821 2387 1882; x_wconf 91' lang='lat' dir='ltr'>et</span> <span class='ocrx_word' id='word_1_108' title='bbox 2414 1837 2612 1883; x_wconf 90' lang='lat' dir='ltr'>cursu</span> <span class='ocrx_word' id='word_1_109' title='bbox 2645 1820 2721 1881; x_wconf 92' lang='lat' dir='ltr'>et</span> <span class='ocrx_word' id='word_1_110' title='bbox 2763 1815 2992 1903; x_wconf 81' lang='lat' dir='ltr'>spatio</span> 
     </span>
     <span class='ocr_line' id='line_1_16' title="bbox 964 1917 3064 2009; baseline 0 -24"><span class='ocrx_word' id='word_1_111' title='bbox 964 1941 1227 2007; x_wconf 79' lang='lat' dir='ltr'>pugnae</span> <span class='ocrx_word' id='word_1_112' title='bbox 1273 1917 1631 2008; x_wconf 81' lang='lat' dir='ltr'>defatigati</span> <span class='ocrx_word' id='word_1_113' title='bbox 1675 1942 1809 1986; x_wconf 91' lang='lat' dir='ltr'>non</span> <span class='ocrx_word' id='word_1_114' title='bbox 1851 1917 2047 1986; x_wconf 82' lang='lat' dir='ltr'>facile</span> <span class='ocrx_word' id='word_1_115' title='bbox 2091 1925 2385 1987; x_wconf 76' lang='lat' dir='ltr'>recentes</span> <span class='ocrx_word' id='word_1_116' title='bbox 2428 1927 2632 2007; x_wconf 86' lang='lat' dir='ltr'>atque</span> <span class='ocrx_word' id='word_1_117' title='bbox 2680 1920 2992 2009; x_wconf 65' lang='lat' dir='ltr'>integros</span> <span class='ocrx_word' id='word_1_118' title='bbox 3014 1939 3064 1986; x_wconf 76' lang='lat'>15</span> 
     </span>
     <span class='ocr_line' id='line_1_17' title="bbox 966 2023 1404 2091; baseline -0.002 -1"><span class='ocrx_word' id='word_1_119' title='bbox 966 2023 1404 2091; x_wconf 72' lang='lat' dir='ltr'>sustinebant.</span> 
     </span>
    </p>

    <p class='ocr_par' dir='ltr' id='par_1_7' title="bbox 842 2128 3068 2629">
     <span class='ocr_line' id='line_1_18' title="bbox 842 2128 2995 2217; baseline -0 -20"><span class='ocrx_word' id='word_1_120' title='bbox 842 2146 941 2203; x_wconf 76' lang='lat'>49</span> <span class='ocrx_word' id='word_1_121' title='bbox 1056 2128 1303 2197; x_wconf 87' lang='lat' dir='ltr'>Caesar</span> <span class='ocrx_word' id='word_1_122' title='bbox 1337 2151 1487 2196; x_wconf 90' lang='lat' dir='ltr'>cum</span> <span class='ocrx_word' id='word_1_123' title='bbox 1528 2129 1759 2215; x_wconf 90' lang='lat' dir='ltr'>iniquo</span> <span class='ocrx_word' id='word_1_124' title='bbox 1797 2128 1939 2195; x_wconf 90' lang='lat' dir='ltr'>loco</span> <span class='ocrx_word' id='word_1_125' title='bbox 1978 2129 2264 2216; x_wconf 87' lang='lat' dir='ltr'>pugnari</span> <span class='ocrx_word' id='word_1_126' title='bbox 2294 2129 2724 2215; x_wconf 89' lang='lat' dir='ltr'>hostiumque</span> <span class='ocrx_word' id='word_1_127' title='bbox 2760 2129 2995 2217; x_wconf 75' lang='lat' dir='ltr'>copias</span> 
     </span>
     <span class='ocr_line' id='line_1_19' title="bbox 969 2233 2996 2321; baseline 0 -21"><span class='ocrx_word' id='word_1_128' title='bbox 969 2233 1201 2321; x_wconf 87' lang='lat' dir='ltr'>augeri</span> <span class='ocrx_word' id='word_1_129' title='bbox 1273 2233 1550 2315; x_wconf 88' lang='lat' dir='ltr'>videret,</span> <span class='ocrx_word' id='word_1_130' title='bbox 1620 2238 2084 2321; x_wconf 87' lang='lat' dir='ltr'>praemetuens</span> <span class='ocrx_word' id='word_1_131' title='bbox 2155 2234 2294 2299; x_wconf 86' lang='lat' dir='ltr'>suis</span> <span class='ocrx_word' id='word_1_132' title='bbox 2365 2233 2452 2299; x_wconf 87' lang='lat' dir='ltr'>ad</span> <span class='ocrx_word' id='word_1_133' title='bbox 2524 2233 2599 2301; x_wconf 87' lang='grc' dir='ltr'>Τ.</span> <span class='ocrx_word' id='word_1_134' title='bbox 2667 2233 2996 2300; x_wconf 79' lang='lat' dir='ltr'>Sextium</span> 
     </span>
     <span class='ocr_line' id='line_1_20' title="bbox 970 2338 2998 2426; baseline 0 -22"><span class='ocrx_word' id='word_1_135' title='bbox 970 2339 1283 2426; x_wconf 90' lang='lat' dir='ltr'>legatum,</span> <span class='ocrx_word' id='word_1_136' title='bbox 1315 2361 1508 2426; x_wconf 92' lang='lat' dir='ltr'>quem</span> <span class='ocrx_word' id='word_1_137' title='bbox 1551 2338 1919 2404; x_wconf 86' lang='lat' dir='ltr'>minoribus</span> <span class='ocrx_word' id='word_1_138' title='bbox 1959 2339 2195 2405; x_wconf 88' lang='lat' dir='ltr'>castris</span> <span class='ocrx_word' id='word_1_139' title='bbox 2230 2338 2561 2426; x_wconf 89' lang='lat' dir='ltr'>praesidio</span> <span class='ocrx_word' id='word_1_140' title='bbox 2601 2338 2998 2425; x_wconf 82' lang='lat' dir='ltr'>reliquerat,</span> 
     </span>
     <span class='ocr_line' id='line_1_21' title="bbox 971 2443 3068 2522; baseline 0.001 -14"><span class='ocrx_word' id='word_1_141' title='bbox 971 2443 1173 2522; x_wconf 91' lang='lat' dir='ltr'>misit,</span> <span class='ocrx_word' id='word_1_142' title='bbox 1203 2451 1283 2508; x_wconf 90' lang='lat' dir='ltr'>ut</span> <span class='ocrx_word' id='word_1_143' title='bbox 1322 2443 1624 2509; x_wconf 89' lang='lat' dir='ltr'>cohortes</span> <span class='ocrx_word' id='word_1_144' title='bbox 1665 2465 1749 2509; x_wconf 85' lang='lat' dir='ltr'>ex</span> <span class='ocrx_word' id='word_1_145' title='bbox 1788 2444 2025 2509; x_wconf 87' lang='lat' dir='ltr'>castris</span> <span class='ocrx_word' id='word_1_146' title='bbox 2064 2443 2367 2509; x_wconf 88' lang='lat' dir='ltr'>celeriter</span> <span class='ocrx_word' id='word_1_147' title='bbox 2404 2443 2719 2509; x_wconf 88' lang='lat' dir='ltr'>educeret</span> <span class='ocrx_word' id='word_1_148' title='bbox 2754 2449 2830 2510; x_wconf 91' lang='lat' dir='ltr'>et</span> <span class='ocrx_word' id='word_1_149' title='bbox 2867 2444 2997 2510; x_wconf 91' lang='lat' dir='ltr'>sub</span> <span class='ocrx_word' id='word_1_150' title='bbox 3017 2463 3068 2510; x_wconf 63' lang='lat' dir='ltr'>rt·</span> 
     </span>
     <span class='ocr_line' id='line_1_22' title="bbox 972 2546 2997 2629; baseline 0.001 -16"><span class='ocrx_word' id='word_1_151' title='bbox 972 2547 1202 2613; x_wconf 89' lang='lat' dir='ltr'>infimo</span> <span class='ocrx_word' id='word_1_152' title='bbox 1231 2546 1395 2614; x_wconf 87' lang='lat' dir='ltr'>colle</span> <span class='ocrx_word' id='word_1_153' title='bbox 1423 2547 1510 2614; x_wconf 90' lang='lat' dir='ltr'>ab</span> <span class='ocrx_word' id='word_1_154' title='bbox 1540 2547 1781 2614; x_wconf 85' lang='lat' dir='ltr'>dextro</span> <span class='ocrx_word' id='word_1_155' title='bbox 1818 2546 2027 2614; x_wconf 88' lang='lat' dir='ltr'>latere</span> <span class='ocrx_word' id='word_1_156' title='bbox 2064 2547 2357 2615; x_wconf 86' lang='lat' dir='ltr'>hostium</span> <span class='ocrx_word' id='word_1_157' title='bbox 2396 2548 2864 2626; x_wconf 84' lang='lat' dir='ltr'>constitueret,</span> <span class='ocrx_word' id='word_1_158' title='bbox 2895 2555 2997 2629; x_wconf 91' lang='lat' dir='ltr'>ut,</span> 
     </span>
    </p>

    <p class='ocr_par' dir='ltr' id='par_1_8' title="bbox 919 2651 2996 2739">
     <span class='ocr_line' id='line_1_23' title="bbox 919 2651 2996 2739; baseline 0 -22"><span class='ocrx_word' id='word_1_159' title='bbox 919 2671 949 2718; x_wconf 85' lang='lat'>2</span> <span class='ocrx_word' id='word_1_160' title='bbox 973 2653 1030 2717; x_wconf 91' lang='lat' dir='ltr'>si</span> <span class='ocrx_word' id='word_1_161' title='bbox 1090 2655 1353 2717; x_wconf 88' lang='lat' dir='ltr'>nostros</span> <span class='ocrx_word' id='word_1_162' title='bbox 1410 2651 1552 2717; x_wconf 92' lang='lat' dir='ltr'>loco</span> <span class='ocrx_word' id='word_1_163' title='bbox 1615 2651 1924 2738; x_wconf 89' lang='lat' dir='ltr'>depulsos</span> <span class='ocrx_word' id='word_1_164' title='bbox 1975 2651 2272 2735; x_wconf 73' lang='lat' dir='ltr'>vidisset,</span> <span class='ocrx_word' id='word_1_165' title='bbox 2315 2674 2448 2739; x_wconf 91' lang='lat' dir='ltr'>quo</span> <span class='ocrx_word' id='word_1_166' title='bbox 2497 2653 2722 2718; x_wconf 89' lang='lat' dir='ltr'>minus</span> <span class='ocrx_word' id='word_1_167' title='bbox 2783 2652 2996 2719; x_wconf 87' lang='lat' dir='ltr'>libere</span> 
     </span>
    </p>

    <p class='ocr_par' dir='ltr' id='par_1_9' title="bbox 922 2756 3069 3052">
     <span class='ocr_line' id='line_1_24' title="bbox 922 2756 2997 2844; baseline -0.001 -18"><span class='ocrx_word' id='word_1_168' title='bbox 922 2780 950 2826; x_wconf 84' lang='lat'><strong>3</strong></span> <span class='ocrx_word' id='word_1_169' title='bbox 975 2757 1199 2821; x_wconf 91' lang='lat' dir='ltr'>hostes</span> <span class='ocrx_word' id='word_1_170' title='bbox 1262 2756 1774 2841; x_wconf 85' lang='lat' dir='ltr'>insequerentur</span> <span class='ocrx_word' id='word_1_171' title='bbox 1830 2760 2129 2822; x_wconf 88' lang='lat' dir='ltr'>terreret.</span> <span class='ocrx_word' id='word_1_172' title='bbox 2221 2756 2376 2844; x_wconf 90' lang='lat' dir='ltr'>Ipse</span> <span class='ocrx_word' id='word_1_173' title='bbox 2434 2756 2710 2844; x_wconf 89' lang='lat' dir='ltr'>paulum</span> <span class='ocrx_word' id='word_1_174' title='bbox 2765 2779 2857 2823; x_wconf 83' lang='lat' dir='ltr'>ex</span> <span class='ocrx_word' id='word_1_175' title='bbox 2918 2780 2997 2823; x_wconf 88' lang='lat' dir='ltr'>eo</span> 
     </span>
     <span class='ocr_line' id='line_1_25' title="bbox 976 2860 2996 2948; baseline 0.001 -23"><span class='ocrx_word' id='word_1_176' title='bbox 976 2861 1118 2926; x_wconf 92' lang='lat' dir='ltr'>loco</span> <span class='ocrx_word' id='word_1_177' title='bbox 1158 2881 1307 2925; x_wconf 90' lang='lat' dir='ltr'>cum</span> <span class='ocrx_word' id='word_1_178' title='bbox 1348 2860 1606 2947; x_wconf 88' lang='lat' dir='ltr'>legione</span> <span class='ocrx_word' id='word_1_179' title='bbox 1644 2882 2032 2948; x_wconf 89' lang='lat' dir='ltr'>progressus</span> <span class='ocrx_word' id='word_1_180' title='bbox 2072 2860 2187 2926; x_wconf 92' lang='lat' dir='ltr'>ubi</span> <span class='ocrx_word' id='word_1_181' title='bbox 2228 2861 2638 2941; x_wconf 82' lang='lat' dir='ltr'>constiterat,</span> <span class='ocrx_word' id='word_1_182' title='bbox 2668 2868 2996 2928; x_wconf 83' lang='lat' dir='ltr'>eventum</span> 
     </span>
     <span class='ocr_line' id='line_1_26' title="bbox 976 2964 3069 3052; baseline 0 -22"><span class='ocrx_word' id='word_1_183' title='bbox 976 2986 1240 3052; x_wconf 88' lang='lat' dir='ltr'>pugnae</span> <span class='ocrx_word' id='word_1_184' title='bbox 1277 2964 1691 3051; x_wconf 85' lang='lat' dir='ltr'>expectabat.</span> <span class='ocrx_word' id='word_1_185' title='bbox 3017 2964 3069 3015; x_wconf 78' lang='lat'>2⁵</span> 
     </span>
    </p>

    <p class='ocr_par' dir='ltr' id='par_1_10' title="bbox 858 3056 3094 3161">
     <span class='ocr_line' id='line_1_27' title="bbox 858 3068 2996 3158; baseline -0.001 -19"><span class='ocrx_word' id='word_1_186' title='bbox 858 3085 954 3141; x_wconf 80' lang='lat'>50</span> <span class='ocrx_word' id='word_1_187' title='bbox 1067 3068 1236 3135; x_wconf 90' lang='lat' dir='ltr'>Cum</span> <span class='ocrx_word' id='word_1_188' title='bbox 1298 3069 1614 3135; x_wconf 89' lang='lat' dir='ltr'>acerrime</span> <span class='ocrx_word' id='word_1_189' title='bbox 1672 3070 2039 3135; x_wconf 88' lang='lat' dir='ltr'>comminus</span> <span class='ocrx_word' id='word_1_190' title='bbox 2090 3075 2519 3158; x_wconf 88' lang='lat' dir='ltr'>pugnaretur,</span> <span class='ocrx_word' id='word_1_191' title='bbox 2566 3071 2799 3137; x_wconf 89' lang='lat' dir='ltr'>hostes</span> <span class='ocrx_word' id='word_1_192' title='bbox 2849 3071 2996 3136; x_wconf 87' lang='lat' dir='ltr'>loco</span> 
     </span>
    </p>
   </div>
   <div class='ocr_carea' id='block_1_3' title="bbox 984 3271 2996 4420">
    <p class='ocr_par' dir='ltr' id='par_1_11' title="bbox 988 3271 2491 3347">
     <span class='ocr_line' id='line_1_28' title="bbox 988 3271 2491 3347; baseline -0.001 -14"><span class='ocrx_word' id='word_1_193' title='bbox 988 3326 994 3333; x_wconf 90' lang='lat'>.</span> <span class='ocrx_word' id='word_1_194' title='bbox 1051 3277 1158 3340; x_wconf 84' lang='grc'>48,</span> <span class='ocrx_word' id='word_1_195' title='bbox 1185 3271 1215 3346; x_wconf 82' lang='lat'><strong>§</strong></span> <span class='ocrx_word' id='word_1_196' title='bbox 1246 3273 1293 3330; x_wconf 91' lang='lat'>1.</span> <span class='ocrx_word' id='word_1_197' title='bbox 1328 3281 1393 3327; x_wconf 76' lang='lat' dir='ltr'>ut</span> <span class='ocrx_word' id='word_1_198' title='bbox 1413 3291 1477 3328; x_wconf 75' lang='lat' dir='ltr'>su</span> <span class='ocrx_word' id='word_1_199' title='bbox 1518 3291 1583 3328; x_wconf 76' lang='lat' dir='ltr'>ra</span> <span class='ocrx_word' id='word_1_200' title='bbox 1607 3272 2239 3340; x_wconf 74' lang='lat' dir='ltr'>demonstmvimu8‚—in</span> <span class='ocrx_word' id='word_1_201' title='bbox 2262 3274 2354 3342; x_wconf 87' lang='grc'>44,</span> <span class='ocrx_word' id='word_1_202' title='bbox 2384 3271 2414 3347; x_wconf 80' lang='lat'>§</span> <span class='ocrx_word' id='word_1_203' title='bbox 2439 3274 2491 3332; x_wconf 86' lang='lat'>5.</span> 
     </span>
    </p>

    <p class='ocr_par' dir='ltr' id='par_1_12' title="bbox 1053 3343 2207 3418">
     <span class='ocr_line' id='line_1_29' title="bbox 1053 3343 2207 3418; baseline 0 -18"><span class='ocrx_word' id='word_1_204' title='bbox 1053 3348 1394 3401; x_wconf 74' lang='lat' dir='ltr'>munitionis.</span> <span class='ocrx_word' id='word_1_205' title='bbox 1508 3362 1571 3402; x_wconf 90' lang='lat' dir='ltr'>ee</span> <span class='ocrx_word' id='word_1_206' title='bbox 1596 3345 1699 3402; x_wconf 90' lang='lat' dir='ltr'>the</span> <span class='ocrx_word' id='word_1_207' title='bbox 1724 3348 1860 3402; x_wconf 82' lang='lat' dir='ltr'>note</span> <span class='ocrx_word' id='word_1_208' title='bbox 1885 3363 1958 3401; x_wconf 93' lang='lat' dir='ltr'>on</span> <span class='ocrx_word' id='word_1_209' title='bbox 1982 3346 2071 3413; x_wconf 88' lang='lat'>45,</span> <span class='ocrx_word' id='word_1_210' title='bbox 2100 3343 2130 3418; x_wconf 67' lang='grc' dir='ltr'><strong>ξ</strong></span> <span class='ocrx_word' id='word_1_211' title='bbox 2156 3345 2207 3400; x_wconf 83' lang='grc'>6.</span> 
     </span>
    </p>

    <p class='ocr_par' dir='ltr' id='par_1_13' title="bbox 984 3416 2994 3988">
     <span class='ocr_line' id='line_1_30' title="bbox 1054 3416 2994 3487; baseline 0.002 -16"><span class='ocrx_word' id='word_1_212' title='bbox 1054 3419 1313 3487; x_wconf 78' lang='lat' dir='ltr'>oppidum</span> <span class='ocrx_word' id='word_1_213' title='bbox 1332 3458 1345 3471; x_wconf 93' lang='lat'>.</span> <span class='ocrx_word' id='word_1_214' title='bbox 1370 3456 1384 3469; x_wconf 93' lang='lat'>.</span> <span class='ocrx_word' id='word_1_215' title='bbox 1407 3458 1418 3470; x_wconf 92' lang='lat'>.</span> <span class='ocrx_word' id='word_1_216' title='bbox 1439 3421 1623 3473; x_wconf 72' lang='lat' dir='ltr'>teneri.</span> <span class='ocrx_word' id='word_1_217' title='bbox 1672 3416 1793 3472; x_wconf 84' lang='lat' dir='ltr'>The</span> <span class='ocrx_word' id='word_1_218' title='bbox 1817 3420 1972 3472; x_wconf 83' lang='lat' dir='ltr'>town</span> <span class='ocrx_word' id='word_1_219' title='bbox 1996 3434 2109 3473; x_wconf 85' lang='lat' dir='ltr'>was</span> <span class='ocrx_word' id='word_1_220' title='bbox 2133 3421 2239 3473; x_wconf 91' lang='lat' dir='ltr'>not</span> <span class='ocrx_word' id='word_1_221' title='bbox 2261 3416 2322 3471; x_wconf 89' lang='lat' dir='ltr'>in</span> <span class='ocrx_word' id='word_1_222' title='bbox 2346 3416 2445 3472; x_wconf 89' lang='lat' dir='ltr'>the</span> <span class='ocrx_word' id='word_1_223' title='bbox 2469 3416 2788 3486; x_wconf 80' lang='lat' dir='ltr'>possession</span> <span class='ocrx_word' id='word_1_224' title='bbox 2812 3418 2882 3474; x_wconf 81' lang='lat' dir='ltr'>of</span> <span class='ocrx_word' id='word_1_225' title='bbox 2898 3419 2994 3475; x_wconf 80' lang='lat' dir='ltr'>the</span> 
     </span>
     <span class='ocr_line' id='line_1_31' title="bbox 985 3487 2992 3561; baseline 0 -16"><span class='ocrx_word' id='word_1_226' title='bbox 985 3487 1234 3545; x_wconf 84' lang='lat' dir='ltr'>Romans</span> <span class='ocrx_word' id='word_1_227' title='bbox 1254 3510 1269 3556; x_wconf 86' lang='lat'>;</span> <span class='ocrx_word' id='word_1_228' title='bbox 1304 3488 1411 3543; x_wconf 87' lang='lat' dir='ltr'>but</span> <span class='ocrx_word' id='word_1_229' title='bbox 1434 3488 1533 3544; x_wconf 90' lang='lat' dir='ltr'>the</span> <span class='ocrx_word' id='word_1_230' title='bbox 1559 3488 1967 3561; x_wconf 82' lang='lat' dir='ltr'>exaggeration</span> <span class='ocrx_word' id='word_1_231' title='bbox 1992 3488 2041 3547; x_wconf 84' lang='lat' dir='ltr'>is</span> <span class='ocrx_word' id='word_1_232' title='bbox 2067 3487 2315 3544; x_wconf 85' lang='lat' dir='ltr'>natural.</span> <span class='ocrx_word' id='word_1_233' title='bbox 2388 3487 2539 3556; x_wconf 87' lang='lat' dir='ltr'>Still,</span> <span class='ocrx_word' id='word_1_234' title='bbox 2560 3488 2661 3544; x_wconf 90' lang='lat' dir='ltr'>the</span> <span class='ocrx_word' id='word_1_235' title='bbox 2683 3491 2876 3546; x_wconf 78' lang='lat' dir='ltr'>words</span> <span class='ocrx_word' id='word_1_236' title='bbox 2899 3508 2992 3545; x_wconf 84' lang='lat' dir='ltr'>are</span> 
     </span>
     <span class='ocr_line' id='line_1_32' title="bbox 984 3559 2993 3631; baseline -0 -15"><span class='ocrx_word' id='word_1_237' title='bbox 984 3578 1130 3631; x_wconf 90' lang='lat' dir='ltr'>open</span> <span class='ocrx_word' id='word_1_238' title='bbox 1170 3562 1233 3615; x_wconf 90' lang='lat' dir='ltr'>to</span> <span class='ocrx_word' id='word_1_239' title='bbox 1270 3576 1425 3615; x_wconf 86' lang='lat' dir='ltr'>some</span> <span class='ocrx_word' id='word_1_240' title='bbox 1462 3560 1752 3630; x_wconf 81' lang='lat' dir='ltr'>suspicion</span> <span class='ocrx_word' id='word_1_241' title='bbox 1784 3562 1865 3631; x_wconf 90' lang='lat' dir='ltr'>(J.</span> <span class='ocrx_word' id='word_1_242' title='bbox 1886 3562 1971 3628; x_wconf 72' lang='lat' dir='ltr'>B„</span> <span class='ocrx_word' id='word_1_243' title='bbox 2001 3560 2156 3626; x_wconf 82' lang='lat'>1910,</span> <span class='ocrx_word' id='word_1_244' title='bbox 2184 3578 2240 3631; x_wconf 89' lang='lat' dir='ltr'>p.</span> <span class='ocrx_word' id='word_1_245' title='bbox 2265 3559 2376 3630; x_wconf 79' lang='lat'>37),</span> <span class='ocrx_word' id='word_1_246' title='bbox 2415 3559 2636 3631; x_wconf 83' lang='lat' dir='ltr'>though</span> <span class='ocrx_word' id='word_1_247' title='bbox 2679 3559 2993 3618; x_wconf 80' lang='lat' dir='ltr'>Schneider</span> 
     </span>
     <span class='ocr_line' id='line_1_33' title="bbox 984 3630 2994 3704; baseline 0 -16"><span class='ocrx_word' id='word_1_248' title='bbox 984 3648 1276 3702; x_wconf 84' lang='lat' dir='ltr'>compares</span> <span class='ocrx_word' id='word_1_249' title='bbox 1300 3630 1458 3687; x_wconf 86' lang='lat' dir='ltr'>them</span> <span class='ocrx_word' id='word_1_250' title='bbox 1474 3631 1619 3687; x_wconf 88' lang='lat' dir='ltr'>with</span> <span class='ocrx_word' id='word_1_251' title='bbox 1636 3636 1831 3689; x_wconf 80' lang='lat' dir='ltr'>nuntio</span> <span class='ocrx_word' id='word_1_252' title='bbox 1850 3635 2035 3689; x_wconf 81' lang='lat' dir='ltr'>adlato</span> <span class='ocrx_word' id='word_1_253' title='bbox 2053 3649 2233 3688; x_wconf 72' lang='lat' dir='ltr'>omnes</span> <span class='ocrx_word' id='word_1_254' title='bbox 2250 3648 2438 3687; x_wconf 74' lang='lat' dir='ltr'>eorum</span> <span class='ocrx_word' id='word_1_255' title='bbox 2453 3634 2648 3688; x_wconf 66' lang='lat' dir='ltr'>milites</span> <span class='ocrx_word' id='word_1_256' title='bbox 2663 3635 2727 3687; x_wconf 71' lang='lat' dir='ltr'>in</span> <span class='ocrx_word' id='word_1_257' title='bbox 2735 3641 2994 3704; x_wconf 53' lang='lat' dir='ltr'>potesta&amp;</span> 
     </span>
     <span class='ocr_line' id='line_1_34' title="bbox 990 3701 2994 3776; baseline 0.002 -19"><span class='ocrx_word' id='word_1_258' title='bbox 990 3705 1240 3758; x_wconf 72' lang='lat' dir='ltr'>Caesaris</span> <span class='ocrx_word' id='word_1_259' title='bbox 1286 3707 1451 3758; x_wconf 68' lang='lat' dir='ltr'>teneri</span> <span class='ocrx_word' id='word_1_260' title='bbox 1498 3704 1612 3775; x_wconf 82' lang='lat'>(43,</span> <span class='ocrx_word' id='word_1_261' title='bbox 1652 3701 1682 3776; x_wconf 60' lang='grc' dir='ltr'><strong>ᾗ</strong></span> <span class='ocrx_word' id='word_1_262' title='bbox 1730 3704 1802 3773; x_wconf 93' lang='grc'>1).</span> <span class='ocrx_word' id='word_1_263' title='bbox 1888 3702 2024 3758; x_wconf 80' lang='lat' dir='ltr'>This</span> <span class='ocrx_word' id='word_1_264' title='bbox 2071 3719 2326 3776; x_wconf 72' lang='lat' dir='ltr'>passage,</span> <span class='ocrx_word' id='word_1_265' title='bbox 2368 3702 2644 3770; x_wconf 82' lang='lat' dir='ltr'>however,</span> <span class='ocrx_word' id='word_1_266' title='bbox 2690 3703 2743 3759; x_wconf 78' lang='lat' dir='ltr'>is</span> <span class='ocrx_word' id='word_1_267' title='bbox 2789 3704 2994 3774; x_wconf 78' lang='lat' dir='ltr'>hardly</span> 
     </span>
     <span class='ocr_line' id='line_1_35' title="bbox 986 3773 2994 3846; baseline 0.001 -17"><span class='ocrx_word' id='word_1_268' title='bbox 986 3773 1246 3845; x_wconf 86' lang='lat' dir='ltr'>parallel,</span> <span class='ocrx_word' id='word_1_269' title='bbox 1275 3773 1364 3830; x_wconf 81' lang='lat' dir='ltr'>for</span> <span class='ocrx_word' id='word_1_270' title='bbox 1399 3774 1448 3829; x_wconf 90' lang='lat' dir='ltr'>it</span> <span class='ocrx_word' id='word_1_271' title='bbox 1481 3775 1529 3829; x_wconf 82' lang='lat' dir='ltr'>is</span> <span class='ocrx_word' id='word_1_272' title='bbox 1553 3774 1819 3845; x_wconf 86' lang='lat' dir='ltr'>required</span> <span class='ocrx_word' id='word_1_273' title='bbox 1851 3777 1913 3831; x_wconf 86' lang='lat' dir='ltr'>to</span> <span class='ocrx_word' id='word_1_274' title='bbox 1938 3774 2105 3831; x_wconf 81' lang='lat' dir='ltr'>make</span> <span class='ocrx_word' id='word_1_275' title='bbox 2130 3791 2311 3837; x_wconf 77' lang='lat' dir='ltr'>sense,</span> <span class='ocrx_word' id='word_1_276' title='bbox 2335 3774 2586 3831; x_wconf 79' lang='lat' dir='ltr'>whereas</span> <span class='ocrx_word' id='word_1_277' title='bbox 2609 3778 2880 3846; x_wconf 68' lang='lat' dir='ltr'>oppidum</span> <span class='ocrx_word' id='word_1_278' title='bbox 2903 3818 2918 3832; x_wconf 93' lang='lat'>.</span> <span class='ocrx_word' id='word_1_279' title='bbox 2942 3819 2958 3833; x_wconf 89' lang='lat'>.</span> <span class='ocrx_word' id='word_1_280' title='bbox 2979 3817 2994 3831; x_wconf 92' lang='lat'>.</span> 
     </span>
     <span class='ocr_line' id='line_1_36' title="bbox 986 3844 2993 3917; baseline 0.002 -17"><span class='ocrx_word' id='word_1_281' title='bbox 986 3850 1157 3900; x_wconf 72' lang='lat' dir='ltr'>teneri</span> <span class='ocrx_word' id='word_1_282' title='bbox 1180 3845 1348 3901; x_wconf 88' lang='lat' dir='ltr'>could</span> <span class='ocrx_word' id='word_1_283' title='bbox 1379 3845 1450 3901; x_wconf 94' lang='lat' dir='ltr'>be</span> <span class='ocrx_word' id='word_1_284' title='bbox 1483 3845 1788 3917; x_wconf 85' lang='lat' dir='ltr'>dispensed</span> <span class='ocrx_word' id='word_1_285' title='bbox 1811 3846 1970 3902; x_wconf 88' lang='lat' dir='ltr'>with.</span> <span class='ocrx_word' id='word_1_286' title='bbox 2045 3846 2162 3902; x_wconf 89' lang='lat' dir='ltr'>But</span> <span class='ocrx_word' id='word_1_287' title='bbox 2185 3845 2239 3900; x_wconf 86' lang='lat' dir='ltr'>if</span> <span class='ocrx_word' id='word_1_288' title='bbox 2264 3844 2472 3902; x_wconf 74' lang='lat' dir='ltr'>Caesar</span> <span class='ocrx_word' id='word_1_289' title='bbox 2494 3846 2610 3903; x_wconf 86' lang='lat' dir='ltr'>had</span> <span class='ocrx_word' id='word_1_290' title='bbox 2639 3850 2746 3903; x_wconf 89' lang='lat' dir='ltr'>not</span> <span class='ocrx_word' id='word_1_291' title='bbox 2766 3848 2993 3905; x_wconf 78' lang='lat' dir='ltr'>written</span> 
     </span>
     <span class='ocr_line' id='line_1_37' title="bbox 987 3916 2438 3988; baseline 0.001 -16"><span class='ocrx_word' id='word_1_292' title='bbox 987 3920 1247 3988; x_wconf 79' lang='lat' dir='ltr'>oppidum</span> <span class='ocrx_word' id='word_1_293' title='bbox 1270 3959 1284 3972; x_wconf 93' lang='lat'>.</span> <span class='ocrx_word' id='word_1_294' title='bbox 1309 3959 1323 3974; x_wconf 89' lang='lat'>.</span> <span class='ocrx_word' id='word_1_295' title='bbox 1349 3959 1362 3972; x_wconf 90' lang='lat'>.</span> <span class='ocrx_word' id='word_1_296' title='bbox 1389 3923 1576 3983; x_wconf 56' lang='lat' dir='ltr'>teneri,</span> <span class='ocrx_word' id='word_1_297' title='bbox 1599 3917 1786 3975; x_wconf 86' lang='lat' dir='ltr'>would</span> <span class='ocrx_word' id='word_1_298' title='bbox 1811 3918 1883 3974; x_wconf 89' lang='lat' dir='ltr'>he</span> <span class='ocrx_word' id='word_1_299' title='bbox 1906 3917 2051 3974; x_wconf 84' lang='lat' dir='ltr'>have</span> <span class='ocrx_word' id='word_1_300' title='bbox 2074 3916 2306 3974; x_wconf 88' lang='lat' dir='ltr'>written</span> <span class='ocrx_word' id='word_1_301' title='bbox 2327 3935 2386 3974; x_wconf 76' lang='lat' dir='ltr'>eo</span> <span class='ocrx_word' id='word_1_302' title='bbox 2405 3920 2438 3973; x_wconf 68' lang='grc' dir='ltr'>*Ρ</span> 
     </span>
    </p>

    <p class='ocr_par' dir='ltr' id='par_1_14' title="bbox 1016 3987 2992 4062">
     <span class='ocr_line' id='line_1_38' title="bbox 1016 3987 2992 4062; baseline 0.001 -17"><span class='ocrx_word' id='word_1_303' title='bbox 1016 4040 1021 4045; x_wconf 89' lang='grc'><em>.</em></span> <span class='ocrx_word' id='word_1_304' title='bbox 1058 3992 1163 4054; x_wconf 83' lang='grc'>49,</span> <span class='ocrx_word' id='word_1_305' title='bbox 1190 3987 1256 4062; x_wconf 77' lang='lat'>§§</span> <span class='ocrx_word' id='word_1_306' title='bbox 1297 3989 1414 4045; x_wconf 84' lang='lat'>1-2.</span> <span class='ocrx_word' id='word_1_307' title='bbox 1453 3993 1527 4045; x_wconf 84' lang='lat' dir='ltr'>ad</span> <span class='ocrx_word' id='word_1_308' title='bbox 1569 3991 1627 4044; x_wconf 83' lang='grc' dir='ltr'>Τ.</span> <span class='ocrx_word' id='word_1_309' title='bbox 1656 3992 1900 4045; x_wconf 71' lang='lat' dir='ltr'>Sextium</span> <span class='ocrx_word' id='word_1_310' title='bbox 1938 4031 1953 4045; x_wconf 91' lang='lat'>.</span> <span class='ocrx_word' id='word_1_311' title='bbox 1979 4030 1993 4046; x_wconf 98' lang='lat'>.</span> <span class='ocrx_word' id='word_1_312' title='bbox 2019 4032 2034 4047; x_wconf 99' lang='lat'>.</span> <span class='ocrx_word' id='word_1_313' title='bbox 2067 3997 2298 4045; x_wconf 71' lang='lat' dir='ltr'>terreret.</span> <span class='ocrx_word' id='word_1_314' title='bbox 2368 3987 2491 4044; x_wconf 84' lang='lat' dir='ltr'>The</span> <span class='ocrx_word' id='word_1_315' title='bbox 2521 3987 2774 4060; x_wconf 81' lang='lat' dir='ltr'>position</span> <span class='ocrx_word' id='word_1_316' title='bbox 2811 3990 2992 4047; x_wconf 74' lang='lat' dir='ltr'>which</span> 
     </span>
    </p>

    <p class='ocr_par' dir='ltr' id='par_1_15' title="bbox 988 4059 2996 4420">
     <span class='ocr_line' id='line_1_39' title="bbox 988 4059 2994 4133; baseline 0.001 -18"><span class='ocrx_word' id='word_1_317' title='bbox 988 4059 1195 4116; x_wconf 81' lang='lat' dir='ltr'>Caesar</span> <span class='ocrx_word' id='word_1_318' title='bbox 1224 4060 1459 4118; x_wconf 88' lang='lat' dir='ltr'>ordered</span> <span class='ocrx_word' id='word_1_319' title='bbox 1499 4060 1725 4117; x_wconf 79' lang='lat' dir='ltr'>Sextius</span> <span class='ocrx_word' id='word_1_320' title='bbox 1759 4064 1820 4117; x_wconf 92' lang='lat' dir='ltr'>to</span> <span class='ocrx_word' id='word_1_321' title='bbox 1846 4060 1981 4116; x_wconf 84' lang='lat' dir='ltr'>take</span> <span class='ocrx_word' id='word_1_322' title='bbox 2006 4079 2084 4133; x_wconf 89' lang='lat' dir='ltr'>up</span> <span class='ocrx_word' id='word_1_323' title='bbox 2107 4060 2156 4117; x_wconf 79' lang='lat' dir='ltr'>is</span> <span class='ocrx_word' id='word_1_324' title='bbox 2182 4060 2604 4117; x_wconf 79' lang='lat' dir='ltr'>unmistakable</span> <span class='ocrx_word' id='word_1_325' title='bbox 2627 4078 2642 4115; x_wconf 79' lang='lat' dir='ltr'><strong><em>z</em></strong></span> <span class='ocrx_word' id='word_1_326' title='bbox 2680 4060 2732 4116; x_wconf 90' lang='lat' dir='ltr'>it</span> <span class='ocrx_word' id='word_1_327' title='bbox 2761 4079 2880 4117; x_wconf 81' lang='lat' dir='ltr'>was</span> <span class='ocrx_word' id='word_1_328' title='bbox 2900 4063 2994 4118; x_wconf 84' lang='lat' dir='ltr'>the</span> 
     </span>
     <span class='ocr_line' id='line_1_40' title="bbox 989 4130 2996 4259; baseline 0.001 -74"><span class='ocrx_word' id='word_1_329' title='bbox 989 4130 1463 4259; x_wconf 45' lang='lat' dir='ltr'>hgllgwbetffieen</span> <span class='ocrx_word' id='word_1_330' title='bbox 1479 4132 1579 4188; x_wconf 89' lang='lat' dir='ltr'>the</span> <span class='ocrx_word' id='word_1_331' title='bbox 1600 4133 1791 4190; x_wconf 89' lang='lat' dir='ltr'>Roche</span> <span class='ocrx_word' id='word_1_332' title='bbox 1809 4132 2065 4189; x_wconf 84' lang='lat' dir='ltr'>Blanche</span> <span class='ocrx_word' id='word_1_333' title='bbox 2083 4133 2198 4188; x_wconf 87' lang='lat' dir='ltr'>and</span> <span class='ocrx_word' id='word_1_334' title='bbox 2211 4131 2313 4189; x_wconf 89' lang='lat' dir='ltr'>the</span> <span class='ocrx_word' id='word_1_335' title='bbox 2334 4131 2707 4188; x_wconf 82' lang='lat' dir='ltr'>mountainof</span> <span class='ocrx_word' id='word_1_336' title='bbox 2717 4131 2996 4205; x_wconf 74' lang='lat' dir='ltr'>Gergovia</span> 
     </span>
     <span class='ocr_line' id='line_1_41' title="bbox 991 4203 2994 4348; baseline 0.001 -20"><span class='ocrx_word' id='word_1_337' title='bbox 991 4204 1013 4275; x_wconf 74' lang='grc'>(</span> <span class='ocrx_word' id='word_1_338' title='bbox 1063 4245 1179 4346; x_wconf 68' lang='lat'>§35</span> <span class='ocrx_word' id='word_1_339' title='bbox 1207 4203 1425 4345; x_wconf 45' lang='lat' dir='ltr'>{qemi</span> <span class='ocrx_word' id='word_1_340' title='bbox 1493 4273 1588 4331; x_wconf 86' lang='lat' dir='ltr'>w.</span> <span class='ocrx_word' id='word_1_341' title='bbox 1610 4273 1843 4332; x_wconf 77' lang='lat' dir='ltr'>Nitsoho</span> <span class='ocrx_word' id='word_1_342' title='bbox 1868 4275 1956 4346; x_wconf 84' lang='lat' dir='ltr'>(Z.</span> <span class='ocrx_word' id='word_1_343' title='bbox 1981 4277 2062 4341; x_wconf 70' lang='lat' dir='ltr'>e„</span> <span class='ocrx_word' id='word_1_344' title='bbox 2094 4275 2250 4341; x_wconf 80' lang='lat'>1894,</span> <span class='ocrx_word' id='word_1_345' title='bbox 2270 4291 2326 4346; x_wconf 82' lang='lat' dir='ltr'>p.</span> <span class='ocrx_word' id='word_1_346' title='bbox 2348 4273 2474 4347; x_wconf 80' lang='lat'><strong>777)</strong></span> <span class='ocrx_word' id='word_1_347' title='bbox 2500 4292 2632 4346; x_wconf 72' lang='lat' dir='ltr'>may</span> <span class='ocrx_word' id='word_1_348' title='bbox 2657 4275 2729 4331; x_wconf 78' lang='lat' dir='ltr'>be</span> <span class='ocrx_word' id='word_1_349' title='bbox 2756 4274 2994 4348; x_wconf 74' lang='lat' dir='ltr'>rightin</span> 
     </span>
     <span class='ocr_line' id='line_1_42' title="bbox 990 4344 2396 4420; baseline 0.002 -21"><span class='ocrx_word' id='word_1_350' title='bbox 990 4345 1301 4417; x_wconf 73' lang='lat' dir='ltr'>supplying</span> <span class='ocrx_word' id='word_1_351' title='bbox 1324 4348 1433 4415; x_wconf 79' lang='lat' dir='ltr'>X.;</span> <span class='ocrx_word' id='word_1_352' title='bbox 1469 4346 1574 4403; x_wconf 84' lang='lat' dir='ltr'>but</span> <span class='ocrx_word' id='word_1_353' title='bbox 1602 4347 1678 4404; x_wconf 83' lang='lat' dir='ltr'>cf.</span> <span class='ocrx_word' id='word_1_354' title='bbox 1704 4364 1752 4412; x_wconf 82' lang='lat' dir='ltr'>v.</span> <span class='ocrx_word' id='word_1_355' title='bbox 1776 4346 1868 4415; x_wconf 81' lang='lat'>46,</span> <span class='ocrx_word' id='word_1_356' title='bbox 1902 4344 1968 4420; x_wconf 78' lang='lat'>§§</span> <span class='ocrx_word' id='word_1_357' title='bbox 1995 4345 2136 4413; x_wconf 61' lang='lat'>343</span> <span class='ocrx_word' id='word_1_358' title='bbox 2167 4345 2254 4415; x_wconf 80' lang='lat'>47,</span> <span class='ocrx_word' id='word_1_359' title='bbox 2285 4344 2316 4419; x_wconf 63' lang='grc' dir='ltr'><strong>ξ</strong></span> <span class='ocrx_word' id='word_1_360' title='bbox 2343 4344 2396 4402; x_wconf 79' lang='grc'>8.</span> 
     </span>
    </p>
   </div>
  </div>
 </body>
</html>
