3177 5166
899 309 1032 371 350
1467 304 1588 372 DE
1636 305 1924 374 BELLO
1968 305 2359 375 GALLICO

902 467 1168 555 poliare,
1221 469 1336 555 qui
1403 473 1665 537 vestrae
1733 469 1971 536 salutis
2037 491 2238 536 causa
2295 491 2490 536 suum
2533 469 2922 558 periculum

904 571 1360 658 neglexerunt,
1411 597 1531 641 nec
1590 573 1883 641 stultitia
1939 597 2016 641 ac
2073 574 2453 641 temeritate
2511 579 2738 642 vestra
2795 580 2922 640 aut

902 675 1107 741 animi
1165 676 1624 744 imbecillitate
1683 699 1946 744 omnem
2004 677 2292 744 Galliam
2362 682 2779 764 prosternere
2850 684 2922 744 et

816 796 878 843 10
904 786 1261 867 perpetuae
1305 782 1617 849 servituti
1661 782 1979 850 subicere.
2066 783 2175 848 An
2212 782 2389 869 quod
2430 783 2517 849 ad
2560 783 2736 849 diem
2781 805 2921 860 non

906 890 1252 964 venerunt,
1311 886 1395 952 de
1458 908 1688 953 eorum
1757 887 1889 954 fide
1961 886 2471 973 constantiaque
2541 886 2920 955 dubitatis?
2947 906 2980 956 5

905 988 1082 1070 Quid
1134 989 1337 1077 ergo?
1427 990 1761 1060 Romanos
1809 990 1882 1056 in
1933 989 2067 1056 illis
2116 990 2543 1057 ulterioribus
2599 990 2920 1066 muniti07

817 1116 874 1163 11
903 1093 1103 1160 nibus
1161 1094 1452 1161 animine
1509 1116 1711 1162 causa
1771 1093 2016 1160 cotidie
2084 1094 2374 1160 exerceri
2432 1094 2732 1181 putatis?
2844 1095 2920 1163 Si

903 1198 1170 1264 illorum
1229 1198 1485 1265 nuntiis
1543 1197 1920 1266 confirmari
1971 1219 2104 1263 non
2156 1197 2438 1284 potestis
2493 1197 2675 1264 omni
2724 1199 2922 1265 aditu

902 1311 1312 1390 praesaeptO,
1340 1302 1446 1370 his
1484 1301 1755 1370 utimini
1796 1300 2080 1368 testibus
2118 1301 2652 1390 adpropinquare
2686 1324 2922 1368 eorum

903 1407 1305 1487 adventum;
1347 1406 1536 1473 cuius
1567 1406 1664 1473 rei
1693 1406 1931 1471 timore
1966 1405 2274 1471 exterriti
2313 1405 2490 1473 diem
2525 1412 2924 1493 noctemque
2949 1428 3016 1475 16

815 1511 975 1576 12111
1047 1532 1243 1598 opere
1302 1515 1675 1578 versantur.
1765 1509 1945 1592 Quid
2017 1531 2176 1597 ergo
2246 1510 2376 1576 mei
2441 1510 2696 1577 consilii
2768 1513 2924 1579 est?

905 1616 1145 1681 Facere
1204 1615 1382 1701 quod
1436 1615 1649 1683 nostri
1707 1614 1991 1681 maiores
2058 1635 2479 1700 nequaquam
2537 1614 2685 1701 pari
2743 1614 2926 1681 bello

902 1718 1325 1786 Cimbrorum
1381 1718 1886 1806 Teutonumque
1945 1718 2282 1800 fecerunt3
2356 1718 2472 1807 qui
2536 1719 2607 1783 in
2667 1718 2924 1806 oppida

902 1823 1222 1911 compulsi
1272 1846 1349 1890 ac
1395 1823 1598 1890 simili
1650 1823 1876 1911 inopia
1931 1823 2191 1890 subacti
2241 1845 2472 1900 eorum
2530 1823 2926 1910 corporibus

905 1928 1019 2014 qui
1061 1933 1284 1995 aetate
1321 1929 1408 1994 ad
1450 1927 1697 1993 bellum
1739 1928 2014 1994 inutiles
2053 1926 2458 1994 videbantur
2494 1928 2704 1994 vitam
2750 1927 2921 1993 tole-
2953 1948 3017 1997 15

815 2052 878 2100 13
905 2037 1228 2099 taverunt
1275 2054 1488 2119 neque
1540 2055 1612 2099 se
1663 2032 1966 2099 hostibus
2017 2032 2458 2099 tradiderunt.
2555 2031 2765 2099 Cuius
2815 2032 2924 2098 rei

903 2136 960 2201 si
1005 2137 1382 2224 exemplum
1424 2159 1559 2203 non
1606 2137 2016 2219 haberemus,
2058 2143 2282 2203 tamen
2314 2135 2666 2215 >libertatis
2715 2158 2928 2202 causa

902 2240 1168 2306 institui
1219 2248 1286 2308 et
1350 2241 1633 2327 posteris
1701 2240 1888 2327 prodi
1952 2240 2470 2327 pulcherrimum
2526 2240 2921 2307 iudicarem.

816 2363 875 2411 14
904 2344 1081 2413 Nam
1127 2344 1289 2432 quid
1330 2344 1430 2410 illi
1481 2344 1695 2411 simile
1743 2344 1917 2410 bello
1960 2343 2142 2411 fuit'l
2230 2344 2654 2432 Depopulata
2696 2343 2924 2426 Gallia

901 2448 1157 2517 Cimbri
1210 2470 1582 2537 magnaque
1638 2448 1851 2515 inlata
1906 2448 2286 2515 calamitate
2344 2448 2591 2514 finibus
2648 2447 2918 2535 quidem
2947 2469 3022 2515 20

903 2552 1149 2621 nostris
1177 2552 1537 2640 aliquando
1566 2557 1992 2619 excesserunt
2021 2558 2222 2640 atque
2241 2552 2428 2620 alias
2457 2557 2672 2619 terras
2709 2551 2922 2640 petie-

903 2663 1080 2736 runt,
1124 2658 1290 2735 iura,
1325 2658 1523 2746 leges,
1568 2680 1782 2745 agros,
1824 2656 2203 2724 libertatem
2248 2656 2441 2724 nobis
2480 2658 2916 2744 reliquerunt.

815 2784 877 2834 15
904 2762 1185 2829 Romani
1221 2785 1380 2829 vero
1424 2762 1587 2849 quid
1631 2767 1873 2850 petunt
1916 2761 2100 2827 aliud
2144 2766 2265 2828 aut
2294 2761 2455 2849 quid
2501 2762 2754 2842 volunt,
2785 2761 2920 2827 nisi

901 2866 1159 2935 invidia
1201 2865 1473 2933 adducti
1518 2888 1684 2953 quos
1728 2865 1911 2932 fama
1961 2866 2218 2932 nobiles
2262 2870 2700 2953 potentesque
2742 2865 2918 2947 bello

901 2976 1380 3059 cognoverunt,
1406 2971 1645 3037 horum
1685 2971 1757 3036 in
1797 2969 1978 3058 agris
2020 2968 2539 3056 civitatibusque
2577 2969 2918 3059 considere
2942 2990 3014 3039 25

903 3080 1105 3162 atque
1175 3075 1280 3140 his
1338 3079 1678 3141 aeternam
1738 3074 2084 3162 iniungere
2152 3073 2593 3141 servitutem?
2681 3072 2920 3160 Neque

817 3199 878 3248 16
904 3179 1080 3246 enim
1111 3201 1427 3265 umquam
1466 3179 1603 3245 alia
1641 3177 2021 3245 condicione
2051 3177 2227 3244 bella
2263 3181 2631 3265 gesserunt.
2657 3221 2687 3243 .-
2722 3177 2918 3265 Quod

902 3285 958 3349 si
991 3306 1069 3350 ea
1098 3305 1268 3372 quae
1298 3283 1368 3347 in
1400 3282 1781 3371 longinquis
1810 3281 2193 3349 nationibus
2220 3285 2553 3369 geruntur
2575 3281 2920 3370 ignoratis,

904 3387 1211 3476 respicite
1254 3387 1611 3454 finitimam
1656 3386 1966 3468 Galliam,
2012 3400 2183 3473 quae
2232 3386 2304 3452 in
2351 3386 2764 3474 provinciam
2814 3408 2916 3452 re·

976 3586 1116 3731 ξέἳ.
1158 3591 1271 3647 illis
1299 3589 1648 3644 ulterioribus
1669 3584 2260 3654 municionibus—the
2287 3586 2469 3644 works
2493 3585 2825 3647 mentioned
2851 3586 2914 3643 in

974 3734 1220 3786 animine
1243 3749 1427 3787 causa.
1504 3730 1608 3785 See
1635 3731 1732 3786 the
1763 3733 1899 3787 note
1922 3747 1998 3785 on
2021 3747 2072 3797 v,
2103 3730 2186 3795 12,
2213 3728 2244 3799 ξ
2267 3733 2320 3786 6.

1036 3804 1118 3858 12.
1156 3822 1221 3857 ne
1259 3822 1336 3858 ue.
1409 3802 1517 3859 See
1541 3801 1642 3858 the
1666 3800 1823 3858 third
1848 3807 1986 3858 note
2009 3819 2084 3857 on
2108 3800 2146 3857 i.
2169 3801 2257 3866 47,
2288 3801 2318 3874 ξ
2349 3800 2397 3856 1.

1038 3875 1119 3931 14.
1196 3823 1313 3931 ’19116
1348 3874 1741 3930 construction
1775 3874 1842 3930 of
1870 3872 2050 3944 (quid)
2076 3875 2163 3928 illa·
2185 3874 2450 3943 bellofm‘t
2481 3871 2531 3927 is
2559 3870 2678 3928 like
2703 3870 2834 3928 that
2856 3873 2922 3954 of

902 3949 1043 4001 mihi
1064 3955 1155 4013 est,
1192 3945 1327 4001 used
1352 3945 1415 3999 in
1440 3945 1539 4001 the
1566 3962 1730 4001 sense
1754 3944 1822 4001 of
1840 3947 2033 4010 habe03
2069 3944 2185 4000 and
2207 3944 2363 4001 what
2383 3947 2561 4000 simile
2581 3942 2760 3999 refers
2782 3947 2844 4000 to
2867 3960 2918 4000 is

904 4019 1015 4075 left
1048 4020 1111 4073 to
1144 4018 1244 4073 the
1277 4033 1536 4074 common
1568 4034 1730 4072 sense
1757 4015 1824 4073 of
1850 4016 1949 4072 the
1985 4016 2203 4085 reader,
2227 4033 2289 4072 as
2321 4015 2384 4072 in
2412 4014 2631 4097 Cicero²
2653 4018 2788 4084 Aa„
2815 4015 2913 4083 xii,

908 4091 994 4158 18,
1020 4088 1050 4162 ξ
1077 4089 1293 4159 2,-6εά
1327 4097 1508 4143 tamen
1531 4092 1666 4161 quid
1685 4090 1864 4143 simile
1880 4092 1908 4142 θ
1960 4087 2115 4143 Thus
2132 4090 2266 4159 quid
2283 4129 2297 4144 .
2318 4129 2331 4142 .
2361 4091 2508 4156 ,fuit
2525 4091 2553 4142 ³²
2609 4103 2660 4141 is
2695 4086 2918 4157 equiva-

904 4161 1027 4217 lent
1051 4165 1113 4215 to
1136 4163 1269 4232 quid
1290 4163 1433 4214 illud
1455 4161 1653 4214 bellum
1670 4161 1846 4214 simile
1866 4162 2059 4214 habuit
2081 4161 2209 4214 huic
2228 4160 2362 4214 bello
2377 4164 2408 4216 3
2495 4194 2501 4199 ·

974 4234 1058 4287 al·
1168 4236 1289 4287 nde.
1361 4232 1463 4286 See
1497 4231 1601 4287 the
1637 4231 1841 4287 second
1878 4237 2017 4286 note
2048 4247 2124 4286 on
2149 4230 2234 4298 27,
2265 4229 2293 4302 ξ
2322 4229 2373 4284 2.
2444 4229 2566 4286 Τ116
2596 4230 2753 4285 word
2783 4248 2913 4300 may

906 4304 1042 4359 here
1115 4322 1146 4359 e
1171 4302 1488 4359 translated
1521 4303 1599 4374 by
1625 4301 1639 4329 ‘
1656 4306 1720 4358 at
1744 4302 1854 4359 last
1871 4303 1917 4372 ’3
1954 4302 2059 4358 but
2089 4302 2139 4356 it
2165 4319 2360 4358 means
2384 4304 2399 4332 ‘
2415 4304 2478 4359 at
2504 4319 2658 4358 some
2683 4300 2824 4358 time
2850 4319 2913 4358 or

905 4376 1069 4431 other
1087 4375 1209 4442 ’‚—‘
1226 4391 1429 4431 sooner
1452 4392 1517 4431 or
1537 4373 1688 4431 later
1705 4373 1738 4430 '.
2385 4392 2392 4397 ·
