3177 5166
939 304 1069 365 256
1505 300 1628 366 DE
1674 300 1960 368 BELLO
2007 301 2396 370 GALLICO

937 488 1137 531 causa
1185 466 1632 553 procumbunt
1684 488 1916 554 neque,
1960 467 2018 532 si
2066 490 2199 554 quo
2245 468 2551 535 adflictae
2594 491 2755 535 casu
2800 490 2978 535 con·

881 591 910 638 3
936 570 1259 650 ciderunt,
1311 570 1564 658 erigere
1634 594 1774 638 sese
1831 576 1953 638 aut
2021 572 2368 639 sublevare
2433 576 2732 659 possunt.
2827 572 2976 637 His

936 681 1095 742 sunt
1123 675 1390 742 arbores
1431 697 1552 762 pro
1581 676 1946 757 cubilibus3
1991 677 2078 742 ad
2108 700 2219 744 eas
2259 701 2329 745 se
2368 678 2708 764 adplicant
2748 683 2972 764 atque

881 800 908 846 4
937 780 1036 847 ita
1085 780 1357 868 paulum
1405 781 1601 846 modo
1645 781 2005 848 reclinatae
2052 783 2342 869 quietem
2383 782 2676 870 capiunt.
2769 780 2964 861 Qua·

936 910 1082 952 rum
1114 908 1196 951 ex
1229 886 1532 973 vestigiis
1560 908 1710 952 cum
1743 892 1846 952 est
1880 887 2417 954 animadversum
2447 910 2488 953 a
2519 886 2966 953 venatoribus
2992 908 3025 957 5

937 1014 1067 1079 quo
1126 1015 1194 1058 se
1253 991 1544 1078 recipere
1604 993 2005 1068 consuerint,
2054 1015 2283 1060 omnes
2341 1016 2419 1059 eo
2477 992 2620 1060 loco
2678 998 2802 1058 aut
2869 992 2963 1057 ab

935 1098 1269 1165 radicibus
1315 1098 1651 1164 subruunt
1694 1103 1816 1165 aut
1856 1101 2169 1167 accidunt
2220 1099 2503 1177 arbores,
2545 1103 2815 1164 tantum
2873 1104 2960 1162 ut

877 1233 908 1281 5
934 1226 1194 1271 sumina
1257 1204 1504 1291 species
1573 1226 1801 1269 earum
1872 1206 2198 1271 stantium
2267 1204 2701 1290 relinquatur.
2798 1202 2954 1270 Huc

933 1331 1084 1375 cum
1136 1331 1207 1375 se
1253 1308 1733 1375 consuetudine
1784 1310 2294 1392 reclinaverunt,
2334 1310 2632 1375 infirmas
2678 1309 2954 1374 arbores

934 1414 1223 1501 pondere
1252 1413 1584 1501 adfligunt
1613 1420 1816 1500 atque
1847 1437 1981 1481 una
2010 1415 2195 1502 ipsae
2223 1414 2598 1481 concidunt.
2979 1434 3044 1481 10

811 1538 906 1595 28
1020 1519 1319 1584 Tertium
1350 1523 1453 1585 est
1495 1540 1707 1606 genus
1749 1542 1978 1586 eorum
2023 1521 2137 1608 qui
2177 1519 2284 1585 uri
2321 1519 2762 1606 appellantur.
2856 1519 2950 1583 Hi

925 1629 1090 1690 sunt
1150 1625 1611 1712 magnitudine
1672 1625 1870 1712 paulo
1922 1625 2104 1691 infra
2155 1624 2559 1712 elephantos,
2609 1625 2830 1711 specie
2881 1632 2952 1690 et

875 1755 904 1802 2
931 1730 1144 1797 colore
1174 1736 1243 1797 et
1265 1732 1482 1818 figura
1513 1730 1709 1796 tauri.
1792 1729 2038 1818 Magna
2075 1730 2178 1795 vis
2207 1752 2430 1797 eorum
2468 1734 2570 1796 est
2602 1734 2670 1795 et
2701 1751 2952 1818 magna

934 1835 1263 1916 velocitas,
1299 1857 1513 1921 neque
1560 1834 1814 1901 homini
1856 1857 2071 1922 neque
2117 1835 2298 1902 ferae
2341 1858 2541 1923 quam
2585 1857 2949 1921 conspexe-

875 1962 904 2010 3
931 1944 1092 2005 runt
1122 1947 1424 2026 parcunt.
1502 1940 1644 2006 Hos
1679 1940 1971 2007 studiose
2002 1940 2216 2007 foveis
2249 1947 2479 2027 captos
2509 1940 2949 2006 interficiunt.
2980 1955 3042 2003 15

934 2045 1077 2111 Hoc
1122 2067 1191 2110 se
1237 2044 1457 2110 labore
1504 2045 1752 2110 durant
1794 2045 2247 2112 adulescentes
2285 2052 2489 2132 atque
2533 2045 2656 2111 hoc
2702 2067 2954 2131 genere

934 2149 1306 2233 venationis
1358 2155 1687 2229 exercent,
1732 2156 1800 2216 et
1851 2151 1965 2236 qui
2015 2151 2338 2239 plurimos
2386 2171 2471 2215 ex
2517 2149 2622 2214 his
2668 2148 2954 2215 interfe-

930 2256 1182 2333 cerunt,
1220 2253 1448 2318 relatis
1492 2254 1561 2318 in
1609 2253 1945 2341 publicum
1992 2255 2318 2331 cornibus,
2360 2276 2529 2341 quae
2571 2253 2710 2319 sint
2755 2254 2952 2319 testi·

875 2386 902 2432 4
931 2359 1169 2436 monio,
1215 2381 1525 2446 magnam
1576 2360 1804 2425 ferunt
1855 2359 2137 2426 laudem.
2231 2358 2363 2425 Sed
2421 2360 2802 2425 adsuescere
2859 2357 2955 2423 ad

931 2465 1229 2531 homines
1288 2471 1357 2529 et
1414 2463 1834 2530 mansuefieri
1895 2487 1979 2529 ne
2036 2464 2301 2552 parvuli
2355 2464 2624 2552 quidem
2677 2463 2951 2550 excepti
2983 2479 3050 2529 20

873 2598 903 2646 5
931 2575 1223 2658 possunt.
1314 2568 1707 2657 Amplitudo
1766 2592 2086 2637 cornuum
2148 2575 2218 2636 et
2276 2573 2488 2659 figura
2557 2575 2626 2637 et
2693 2570 2956 2658 species

874 2708 902 2756 6
931 2675 1214 2741 multum
1276 2697 1316 2738 a
1376 2681 1752 2740 nostrorum
1808 2674 2005 2740 boum
2058 2675 2369 2741 cornibus
2424 2676 2664 2742 differt.
2759 2676 2954 2743 Haec

929 2779 1220 2845 studiose
1265 2779 1638 2865 conquisita
1688 2779 1774 2843 ab
1822 2778 2025 2845 labris
2081 2786 2359 2867 argento
2410 2780 2956 2847 circumcludunt

929 2891 1130 2971 atque
1175 2883 1246 2948 in
1290 2882 1713 2969 amplissimis
1757 2884 1969 2971 epulis
2011 2906 2131 2971 pro
2177 2886 2432 2971 poculis
2477 2884 2813 2977 utuntur.]

495 3022 691 3074 caesar
807 3006 903 3063 29
1018 2988 1279 3067 Caesar,
1307 2995 1658 3074 postquam
1704 3011 1823 3076 per
1866 2989 2081 3055 Ubios
2124 2990 2576 3076 exploratores
2618 2993 2954 3078 comperit
2983 3005 3053 3052 :35

500 3104 756 3138 morosam
931 3094 1183 3159 Suebos
1263 3117 1331 3158 sc
1406 3094 1476 3157 in
1553 3093 1758 3158 silvas
1840 3094 2174 3180 recepisse,
2244 3095 2536 3184 inopiam
2615 3096 2956 3164 frumenti

498 3155 804 3218 hisbridge,
1055 3199 1068 3211 .
1478 3195 1483 3200 -
2409 3201 2423 3214 .
2741 3202 2755 3215 .
2815 3201 2831 3215 .

497 3223 806 3285 butguards
933 3208 1202 3277 veritus„
1268 3197 1461 3284 quod,
1534 3202 1615 3262 ut
1693 3219 1895 3284 supra
1976 3199 2593 3277 demonstravmms,
2667 3224 2954 3270 minlnie

1004 3444 1031 3515 ξ
1073 3445 1122 3498 2.
1170 3453 1283 3499 aut.
1358 3444 1575 3502 Meusel
1626 3447 1843 3515 prefers
1885 3464 1964 3509 ac,
2006 3445 2107 3501 the
2151 3443 2389 3516 reading
2429 3443 2494 3500 of
2533 3447 2591 3507 β.
2680 3444 2800 3501 But
2845 3445 2952 3503 the

930 3520 1254 3572 movement
1297 3517 1591 3572 described
1637 3517 1710 3587 by
1753 3520 2023 3571 sublevare
2058 3515 2244 3572 would
2294 3516 2439 3572 have
2480 3515 2763 3588 preceded
2814 3516 2954 3573 that

929 3588 1221 3644 described
1250 3587 1325 3658 by
1350 3593 1576 3658 emper-⁶3
1618 3589 1732 3644 and
1759 3588 1809 3643 it
1832 3606 2014 3644 seems
2037 3591 2099 3643 to
2127 3604 2218 3643 me
2244 3589 2375 3643 that
2399 3588 2500 3643 the
2524 3585 2720 3644 writer
2745 3595 2952 3645 meant

931 3664 988 3716 to
1016 3678 1114 3728 say
1143 3660 1309 3730 ‘they
1336 3664 1548 3716 cannot
1572 3660 1743 3716 stand
1768 3678 1846 3730 up
1870 3678 1935 3715 ον
1955 3678 2077 3714 even
2104 3658 2248 3715 raise
2275 3658 2618 3716 themselves
2638 3657 2671 3713 ⁹.

1001 3729 1032 3812 ς’
1059 3733 1110 3785 4.
1146 3750 1376 3786 summa.
1451 3731 1786 3796 Schneider,
1813 3731 1939 3787 who
1974 3734 2106 3803 puts
2137 3730 2238 3787 the
2270 3747 2493 3786 comma
2522 3729 2675 3786 after
2706 3738 2948 3794 tantum,

929 3802 1127 3857 thinks
1151 3802 1280 3859 that
1309 3811 1526 3858 tantum
1550 3844 1563 3857 .
1588 3846 1602 3859 .
1634 3844 1648 3858 .
1676 3806 2024 3874 relinquatur
2043 3819 2237 3858 means
2262 3802 2394 3858 ‘the
2420 3800 2554 3858 look
2579 3801 2647 3856 of
2663 3802 2951 3873 standing

931 3875 1125 3942 (trees)
1169 3873 1413 3929 remains
1450 3883 1507 3929 at
1546 3877 1633 3929 the
1668 3874 1826 3945 top’;
1864 3874 1971 3930 but
2010 3874 2034 3927 1
2073 3891 2167 3929 am
2207 3872 2462 3929 inclined
2500 3877 2561 3928 to
2595 3872 2766 3928 think
2811 3873 2948 3930 that

928 3944 1257 4018 Nipperdey
1283 3965 1395 4001 was
1432 3946 1587 4018 right
1627 3947 1687 4002 in
1724 3945 1958 4018 putting
1993 3946 2092 4002 the
2130 3962 2353 4001 comma
2386 3945 2583 4001 before
2616 3953 2852 4008 tantum.
2879 3945 2944 3999 in

927 4018 1115 4073 which
1150 4036 1277 4143 cas?
1316 4019 1411 4074 the
1451 4017 1724 4090 meaning
1760 4017 1809 4072 is
1838 4022 1934 4073 ‘so
1964 4017 2098 4073 that
2130 4017 2266 4088 they
2291 4020 2416 4088 just
2450 4016 2583 4073 look
2620 4034 2682 4071 as
2717 4014 2773 4070 if
2803 4017 2947 4087 they

929 4106 1073 4146 were
1099 4093 1226 4145 stan
1271 4089 1328 4143 in
1390 4089 1421 4146 '.

1001 4164 1105 4226 28,
1133 4160 1161 4234 ξ
1193 4161 1239 4214 1.
1278 4108 1386 4217 urge.
1442 4161 1559 4216 The
1586 4180 1743 4226 umes,
1770 4179 1831 4217 or
1853 4161 2110 4226 aurochs,
2139 4178 2251 4217 was
2273 4162 2374 4218 the
2400 4176 2474 4215 ox
2496 4159 2708 4215 known
2733 4178 2796 4215 as
2831 4162 2949 4217 Bos

920 4234 1301 4302 pre’miyenius,
1320 4231 1503 4288 which
1528 4232 1588 4287 in
1618 4252 1720 4290 our
1745 4249 1874 4289 own
1901 4238 2138 4304 country
2157 4231 2412 4290 survived
2436 4231 2565 4288 into
2589 4231 2688 4289 the
2715 4231 2946 4291 Bronze

929 4305 1049 4376 Age
1078 4305 1271 4374 (A.B.,
1300 4323 1393 4374 pp.
1422 4305 1515 4370 68,
1540 4305 1655 4374 88).

1002 4378 1106 4440 29,
1132 4374 1162 4448 §
1192 4377 1238 4432 1.
1278 4384 1340 4430 ut
1361 4394 1531 4447 supra
1557 4380 2058 4435 demonstravimus.
2133 4374 2240 4434 See
2264 4377 2353 4446 22,
2382 4372 2413 4449 ξ
2441 4375 2490 4434 1.
