3177 5166
891 323 1018 386 132
1445 319 1568 384 DE
1616 318 1901 385 BELLo
1948 318 2335 386 GALLmo
3139 363 3142 410 J

891 512 975 554 ex
1028 488 1111 552 iis
1162 487 1477 552 aedificiis
1525 507 1696 571 quae
1743 489 1929 549 trans
1985 484 2233 549 fiumen
2280 484 2654 551 habuerant
2699 486 2904 550 demi-

891 597 1269 681 graverant,
1299 596 1368 658 et
1403 591 1496 656 cis
1534 589 1841 655 Rhenum
1872 589 2213 676 dispositis
2251 589 2597 676 praesidiis
2631 589 2907 655 Germa-

841 715 867 762 4
896 721 1014 763 nos
1073 697 1357 763 transire
1416 693 1879 782 prohibebant.
1969 694 2080 759 Illi
2141 694 2367 759 omnia
2425 695 2703 780 experti,
2753 716 2905 760 cum

895 791 1108 888 neque
1154 800 1222 864 vi
1270 798 1666 865 contendere
1709 802 1981 884 propter
2027 799 2318 884 inopiam
2367 798 2642 864 navium
2691 821 2909 884 neque

895 907 1064 973 clam
1105 905 1390 971 transire
1432 907 1707 990 propter
1740 901 2071 968 custodias
2117 902 2577 990 Menapiorum
2624 908 2909 990 possent,
2937 927 2970 976 5

840 1031 869 1080 5
895 1010 1144 1076 reverti
1187 1032 1257 1075 se
1300 1009 1371 1072 in
1414 1029 1566 1073 suas
1612 1006 1799 1071 sedes
1844 1006 2272 1093 regionesque
2314 1006 2803 1073 simulaverunt
2838 1014 2912 1073 et

896 1115 1105 1180 tridui
1146 1113 1325 1178 viam
1372 1112 1702 1199 progressi
1747 1132 1978 1176 rursus
2015 1116 2438 1176 reverterunt
2480 1116 2682 1196 atque
2724 1111 2908 1176 omni
3135 1099 3143 1184 Ι

896 1221 1020 1286 hoc
1059 1219 1299 1284 itinere
1329 1239 1465 1283 una
1502 1221 1696 1282 nocte
1736 1216 2041 1302 equitatu
2072 1215 2374 1282 confecto
2414 1216 2655 1281 inscios
2695 1215 2911 1302 inopi-

841 1342 870 1389 6
898 1329 1265 1410 nantesque
1295 1322 1639 1408 Menapios
1667 1325 2157 1407 oppresserunt,
2180 1321 2297 1406 qui
2319 1320 2402 1386 de
2426 1319 2909 1386 Germanorum

899 1430 1189 1495 discessu
1248 1449 1367 1514 per
1419 1425 1871 1512 exploratores
1929 1425 2243 1491 certiores
2301 1423 2464 1490 sacti
2525 1424 2667 1489 sine
2725 1429 2912 1489 metu
2943 1445 3012 1492 10

844 1553 871 1603 7
901 1539 1086 1599 trans
1116 1532 1423 1597 Rhenum
1448 1531 1518 1594 in
1543 1551 1698 1594 suos
1721 1529 1902 1594 vicos
1924 1529 2472 1616 remigraverant.
2549 1528 2677 1592 His
2707 1528 2910 1593 inter-

902 1637 1095 1704 fectis
1124 1636 1538 1719 navibusque
1568 1655 1794 1698 eorum
1827 1633 2180 1719 occupatis,
2203 1633 2389 1719 prius
2420 1655 2620 1718 quam
2649 1654 2731 1697 ea
2755 1654 2914 1719 pars

903 1740 1363 1828 Menapiorum
1417 1760 1585 1825 quae
1636 1737 1808 1803 citra
1858 1737 2166 1802 Rhenum
2218 1742 2364 1803 erat
2413 1737 2655 1804 certior
2705 1738 2909 1812 fieret,
3133 1693 3143 1782 1

903 1846 1149 1911 flumen
1208 1842 1622 1909 transierunt
1679 1845 1882 1926 atque
1940 1840 2249 1907 omnibus
2308 1863 2538 1906 eorum
2597 1840 2913 1906 aedificiis

902 1948 1239 2034 occupatis
1296 1947 1621 2032 reliquam
1678 1951 1939 2032 partem
1999 1944 2237 2010 hiemis
2295 1967 2365 2010 se
2423 1967 2650 2011 eorum
2709 1945 2914 2031 copiis
2945 1966 3016 2015 15

901 2053 1230 2119 aluerunt.

470 2180 520 2229 Α
540 2177 776 2226 remark·
832 2174 877 2229 ὅ
996 2157 1123 2222 His
1158 2156 1240 2221 de
1280 2155 1477 2221 rebus
1522 2153 1769 2220 Caesar
1801 2154 2042 2218 certior
2081 2152 2301 2218 factus
2341 2157 2410 2218 et
2454 2152 2911 2218 infirmitatem
3137 2235 3143 2250 ⁴

471 2243 784 2361 2333?oe
908 2260 1249 2326 Gallorum
1310 2259 1584 2340 veritus,
1645 2257 1821 2345 quod
1880 2263 2040 2323 sunt
2098 2258 2169 2322 in
2227 2257 2521 2324 consiliis
2578 2257 2915 2345 capiendis
3127 2273 3143 2384 ¹

908 2364 1184 2430 mobiles
1231 2368 1300 2428 et
1349 2363 1542 2429 novis
1588 2363 1979 2450 plerumque
2019 2362 2216 2428 rebus
2260 2362 2553 2439 student,
2591 2361 2763 2427 nihil
2806 2363 2915 2427 his

851 2490 881 2537 2
907 2468 1456 2536 committendum
1508 2467 1941 2533 existimavit.
2030 2467 2152 2532 Est
2208 2467 2384 2532 enim
2445 2467 2568 2533 hoc
2626 2465 2917 2533 Gallicae
2940 2487 3016 2538 20
3139 2453 3142 2512 ¹

908 2571 1424 2652 consuetudinis,
1453 2571 1556 2637 uti
1599 2576 1668 2637 et
1699 2571 1988 2637 viatores
2027 2571 2231 2637 etiam
2275 2570 2525 2638 invitos
2561 2571 2918 2639 consistere

909 2681 1151 2765 cogant
1190 2682 1259 2742 et
1297 2676 1461 2762 quid
1501 2676 1781 2762 quisque
1821 2698 2046 2741 eorum
2088 2675 2170 2741 de
2209 2698 2471 2763 quaque
2517 2698 2588 2741 re
2628 2675 2918 2741 audierit

910 2786 1030 2847 aut
1051 2781 1436 2868 cognoverit
1455 2785 1782 2866 quaerant
1798 2785 1868 2846 et
1885 2784 2281 2846 mercatores
2303 2781 2373 2844 in
2391 2780 2654 2867 oppidis
2673 2780 2918 2867 vulgus

908 2886 1351 2952 circumsistat
1379 2884 1751 2971 quibusque
1791 2906 1872 2949 ex
1906 2884 2287 2971 regionibus
2317 2885 2594 2950 veniant
2621 2906 2918 2970 quasque
3137 2798 3140 2977 Ι

854 3011 883 3058 3
910 2990 1002 3054 ibi
1062 3012 1167 3055 res
1225 2989 1660 3075 cognoverint
1715 2984 2150 3075 pronuntiare
2208 2993 2419 3076 cogat.
2532 2988 2662 3053 His
2720 2988 2919 3054 rebus
2943 3012 3010 3059 25

908 3100 1111 3180 atque
1162 3092 1620 3158 auditionibus
1672 3093 1953 3178 permoti
2005 3092 2088 3157 de
2138 3094 2416 3159 summis
2471 3115 2667 3180 saepe
2720 3093 2920 3159 rebus

981 3227 1044 3287 4,
1064 3222 1094 3295 ξ
1116 3224 1170 3279 3.
1204 3226 1649 3292 demiyraverant.
1709 3221 1828 3278 The
1855 3221 2175 3280 MSS.have
2200 3226 2665 3293 ᾱεηιὶρναυενιιηη
2703 3223 2828 3289 but,
2853 3242 2917 3278 as

913 3294 1133 3352 Meusel
1159 3295 1412 3350 observes
1448 3296 1527 3360 (J.
1546 3296 1637 3363 B.‚
1667 3293 1823 3362 1894,
1849 3311 1944 3365 pp.
1973 3294 2189 3365 351-2),
2215 3294 2267 3349 if
2286 3295 2488 3352 Caesar
2513 3294 2627 3351 had
2653 3295 2786 3351 used
2814 3295 2918 3352 the

911 3367 1148 3438 perfect,
1184 3366 1255 3423 be
1294 3365 1478 3422 would
1516 3365 1661 3422 have
1699 3364 1930 3420 written
1965 3366 2134 3437 (quae
2172 3370 2331 3421 trans
2371 3366 2603 3437 flumen)
2638 3368 2917 3435 habebant,

910 3440 1348 3580 ῃοὲνζῗιξῖἔῖἕιτὲ.
1422 3509 1482 3563 If
1512 3508 1717 3564 Caesar
1753 3509 1865 3564 had
1902 3507 2132 3565 written
2163 3510 2571 3580 prohibuerunt,
2611 3508 2685 3565 he
2729 3509 2918 3565 would
3137 3488 3140 3579 J

912 3582 1051 3636 have
1081 3583 1273 3637 meant
1307 3578 1436 3637 that
1462 3582 1558 3637 the
1584 3579 1841 3650 Menapii
1865 3582 2168 3638 succeeded
2195 3581 2258 3636 in
2285 3580 2627 3652 preventing
2660 3581 2758 3636 the
2784 3580 2922 3636 Ger-

915 3670 1074 3707 mans
1109 3653 1255 3708 from
1294 3652 1559 3723 crossing.
1631 3652 1794 3722 They
1831 3650 1929 3706 did
1965 3656 2203 3722 prevent
2239 3653 2399 3710 them
2436 3653 2529 3708 for
2564 3670 2719 3708 some
2756 3651 2917 3718 time,

913 3724 1017 3779 but
1040 3723 1239 3794 finally
1264 3723 1458 3780 failed.

987 3794 1017 3868 ξ
1044 3795 1094 3849 6.
1131 3799 1506 3865 exploratores.
1583 3793 1693 3851 See
1719 3793 1821 3849 the
1847 3796 1983 3851 note
2011 3812 2084 3850 on
2110 3793 2147 3861 i,
2178 3795 2261 3860 12,
2347 3794 2403 3851 2.

985 3871 1044 3932 5,
1071 3865 1101 3938 ξ
1128 3866 1177 3921 3.
1218 3869 1324 3921 His
1350 3868 1502 3921 rebus
1526 3906 1541 3921 .
1569 3907 1583 3920 .
1615 3906 1628 3920 .
1655 3869 1860 3920 ineunt.
1935 3866 2020 3922 cf.
2045 3866 2116 3932 vi,
2146 3867 2231 3933 20,
2261 3865 2290 3939 ξ
2356 3866 2475 3921 1-2.

985 3947 1144 4009 atque
1177 3939 1565 3992 auditionibus.
1641 3936 1667 3990 I
1723 3937 1884 3992 don't
1926 3937 2095 3992 think
2143 3937 2275 3993 that
2316 3937 2629 3995 Schneider
2666 3936 2715 3991 is
2760 3937 2921 4007 quite

916 4010 1073 4081 right
1120 4009 1181 4064 in
1229 4008 1566 4081 explaining
1606 4009 1766 4064 these
1809 4009 1994 4064 words
2041 4027 2104 4064 as
2146 4009 2480 4079 equivalent
2516 4013 2578 4065 to
2617 4027 2753 4081 quae
2789 4010 2925 4064 solis

913 4082 1291 4136 auditionibus
1337 4089 1617 4146 constant3
1676 4079 1767 4135 for
1806 4079 1905 4135 the
1950 4078 2126 4135 Gauls
2163 4081 2281 4137 had
2317 4080 2587 4150 inquired
2635 4083 2742 4135 not
2787 4080 2923 4151 only

917 4153 1076 4207 what
1112 4152 1212 4210 the
1240 4152 1536 4207 travellers
1566 4150 1682 4206 had
1715 4151 1904 4217 heard,
1930 4151 2036 4208 but
2072 4153 2193 4208 also
2230 4152 2386 4208 what
2421 4153 2559 4223 they
2592 4151 2708 4207 had
2742 4168 2926 4207 ascer-
3137 4214 3138 4217 Ἰ

917 4223 1118 4278 tained
1159 4226 1474 4293 (cognoverit
1508 4266 1522 4280 .
1567 4262 1582 4278 .
1623 4263 1637 4277 .
1673 4227 2048 4294 coynoverint).
2123 4224 2200 4279 As
2236 4225 2325 4280 far
2360 4241 2423 4279 as
2460 4224 2488 4279 Ῑ
2526 4241 2633 4279 can
2668 4239 2781 4291 see,
2821 4223 2924 4279 the
3135 4252 3138 4327 Ι

918 4295 1193 4367 meaning
1228 4296 1277 4350 is
1311 4297 1324 4322 ‘
1346 4294 1679 4352 Influenced
1712 4296 1787 4366 by
1810 4295 1972 4351 these
2006 4299 2245 4366 reporta,
2274 4313 2418 4352 even
2455 4296 2620 4352 when
2650 4295 2792 4365 they
2826 4311 2926 4349 are

915 4366 1128 4437 merely
1151 4367 1392 4436 hearsay
1412 4367 1442 4422 ⁹.
