3177 5166
933 345 1062 411 386
1499 343 1622 410 DE
1673 343 1955 411 BELLO
2001 343 2395 410 GALLIO-O

932 509 1110 573 inter
1144 529 1214 573 se
1257 506 1636 594 provincias
1676 506 2104 593 partiuntur:
2151 506 2455 595 Drappes
2491 504 2732 574 castris
2760 528 2957 595 prae-

932 612 1103 678 sidio
1160 633 1310 678 cum
1370 617 1563 699 parte
1610 611 1949 699 copiarum
1999 610 2268 690 resistit,
2314 610 2665 678 Lucterius
2711 634 2960 700 agmen

876 725 906 775 3
932 717 1380 783 iumentorum
1426 715 1511 782 ad
1558 716 1875 804 oppidum
1921 715 2126 782 ducit.
2218 715 2581 805 Dispositis
2621 716 2720 782 ibi
2764 739 2961 804 prae-

931 819 1136 899 sidiis,
1167 819 1331 886 hora
1370 820 1584 887 noctis
1627 820 1892 887 circiter
1934 819 2017 888 X.
2048 820 2473 888 silvestribus
2516 822 2963 909 angustisque

931 924 1288 991 itineribus
1318 922 1731 991 frumentum
1764 924 2127 1011 importare
2162 924 2234 989 in
2277 925 2594 1012 oppidum
2634 926 2962 992 instituit.
2988 944 3021 994 5

880 1049 908 1096 4
937 1030 1234 1110 Quorum
1284 1028 1638 1116 strepitum
1686 1028 1925 1116 vigiles
1975 1032 2343 1095 castrorum
2388 1049 2537 1095 cum
2592 1030 2969 1097 sensissent

934 1134 1517 1221 exploratoresque
1563 1133 1748 1199 missi
1795 1155 1963 1218 quae
2007 1137 2398 1221 gererentur
2440 1134 2966 1212 renuntiassent,

935 1238 1259 1306 Caninius
1289 1237 1593 1304 celeriter
1615 1259 1764 1303 cum
1796 1237 2180 1304 cohortibus
2209 1237 2486 1304 armatis
2518 1259 2601 1303 ex
2631 1238 2966 1325 proximis

933 1342 1224 1410 castellis
1277 1343 1347 1408 in
1405 1341 1881 1407 frumentarios
1928 1340 2054 1407 sub
2097 1341 2309 1427 ipsam
2365 1339 2576 1407 lucem
2628 1342 2962 1430 impetum

877 1460 907 1510 5
934 1447 1113 1513 facit.
1209 1446 1301 1511 Hi
1335 1445 1684 1534 repentino
1726 1445 1901 1511 malo
1937 1445 2277 1532 perterriti
2318 1445 2684 1533 diffugiunt
2716 1446 2803 1513 ad
2834 1470 2967 1514 sua
2992 1470 3054 1517 ιο

931 1551 1300 1639 praesidia3
1364 1571 1533 1636 quae
1577 1549 1791 1615 nostri
1837 1553 1913 1616 ut
1954 1548 2286 1627 viderunt,
2316 1549 2533 1615 acrius
2576 1555 2811 1617 contra
2850 1573 2965 1618 ar-

934 1660 1151 1723 matos
1211 1655 1475 1722 incitati
1535 1655 1869 1720 neminem
1917 1677 2002 1720 ex
2056 1676 2134 1721 eo
2185 1675 2461 1721 numero
2514 1656 2747 1720 vivum
2806 1659 2965 1744 capi

933 1760 1303 1847 patiuntur.
1395 1758 1706 1847 Profugit
1753 1758 1909 1824 inde
1955 1780 2103 1825 cum
2153 1758 2382 1846 paucis
2433 1757 2784 1826 Lucterius
2834 1783 2967 1828 nec

933 1887 1001 1931 se
1046 1864 1285 1952 recipit
1328 1864 1400 1929 in
1445 1869 1685 1930 castra.

810 1981 904 2037 36
1022 1971 1117 2035 Re
1151 1969 1316 2034 bene
1345 1973 1536 2055 gesta
1559 1966 1883 2034 Caninius
1912 1989 1996 2034 ex
2027 1966 2312 2053 captivis
2341 1968 2664 2054 comperit
2692 1974 2963 2055 partem
2993 1991 3055 2040 15

932 2074 1270 2159 copiarum
1335 2094 1485 2140 cum
1555 2072 1894 2158 Drappete
1954 2091 2093 2136 esse
2157 2071 2226 2135 in
2287 2071 2522 2137 castris
2583 2093 2625 2137 a
2684 2073 2967 2141 milibus

931 2200 1065 2244 non
1117 2177 1403 2265 amplius
1453 2176 1610 2243 XII.
1703 2177 1852 2257 Qua
1900 2197 1970 2241 re
2019 2197 2103 2241 ex
2155 2175 2606 2263 compluribus
2665 2180 2965 2266 cognita,

930 2305 1079 2349 cum
1155 2282 1575 2370 intellegeret
1650 2281 1886 2368 fugato
1967 2281 2132 2348 duce
2210 2280 2422 2347 altero
2502 2279 2966 2373 [perterritos]

932 2387 1221 2474 reliquos
1261 2386 1457 2454 facile
1504 2386 1791 2473 opprimi
1841 2407 2048 2473 posse,
2093 2407 2374 2473 magnae
2415 2385 2761 2453 felicitatis
2813 2411 2964 2456 esse

931 2491 1389 2558 arbitrabatur
1439 2491 1772 2556 neminem
1833 2512 1918 2556 ex
1970 2489 2168 2557 caede
2219 2488 2545 2579 refugisse
2600 2491 2671 2556 in
2732 2499 2964 2560 castra
2988 2515 3051 2563 20
3148 2500 3149 2535 ¹

933 2597 1046 2683 qui
1077 2597 1159 2663 de
1189 2601 1457 2684 accepta
1487 2596 1868 2663 calamitate
1899 2595 2212 2662 nuntium
2237 2595 2563 2684 Drappeti
2593 2596 2961 2685 perferret.

874 2716 904 2764 2
932 2701 1066 2768 Sed
1116 2702 1187 2767 in
1249 2701 1662 2788 experiundo
1720 2722 1869 2768 cum
1929 2699 2296 2788 periculum
2355 2700 2616 2767 nullum
2671 2702 2964 2785 videret,

930 2807 1303 2893 equitatum
1348 2828 1610 2872 omnem
1652 2805 2147 2892 Germanosque
2191 2804 2465 2893 pedites,
2494 2827 2797 2874 summae
2843 2832 2960 2876 ve·

929 2911 1219 2977 locitatis
1264 2910 1581 2990 homines,
1612 2910 1697 2976 ad
1742 2912 1963 2976 castra
2006 2909 2298 2976 hostium
2334 2910 2749 2997 praemittit;
2812 2913 2959 3001 ipse

929 3015 1255 3103 legionem
1316 3036 1518 3079 unam
1577 3015 1647 3079 in
1709 3013 1891 3080 trina
1960 3017 2179 3081 castra
2248 3014 2611 3092 distribuit,
2664 3016 2958 3083 alteram
2982 3037 3043 3085 25

874 3138 904 3185 3
928 3142 1149 3187 secum
1195 3118 1575 3206 expeditam
1622 3118 1824 3185 ducit.
1916 3117 2087 3185 Cum
2133 3118 2405 3206 propius
2458 3119 2684 3186 hostes
2737 3143 2959 3190 acces-

1001 3279 1103 3341 35,
1129 3274 1159 3348 ξ
1188 3276 1238 3331 3.
1274 3277 1410 3332 hora
1435 3316 1448 3330 .
1481 3316 1493 3331 .
1521 3317 1534 3330 .
1564 3277 1638 3331 X.
1713 3273 1921 3332 Caesar
1957 3292 2127 3331 never
2163 3292 2288 3331 uses
2323 3277 2459 3332 hora
2490 3275 2556 3331 of
2584 3291 2737 3335 nox:
2776 3282 2961 3334 tre'bus

926 3347 1078 3405 horis
1099 3351 1270 3404 noctis
1292 3346 1354 3402 in
1380 3345 1473 3415 vii,
1499 3346 1587 3411 41,
1618 3345 1648 3420 ξ
1677 3348 1703 3402 1
1733 3346 1781 3402 is
1805 3365 1879 3403 an
1905 3346 2336 3418 interpolation.

1001 3417 1107 3492 §4.
1149 3437 1271 3474 cum
1308 3420 1613 3474 cohortibus
1645 3422 1893 3475 armatis.
1968 3418 2282 3474 Mommsen
2321 3419 2499 3489 (J.B.‚
2528 3416 2684 3485 1894,
2712 3437 2770 3490 p.
2798 3420 2957 3493 213),

931 3491 1074 3553 wh0,
1134 3489 1161 3544 1
1219 3506 1481 3561 suppose,
1543 3488 1877 3547 considered
1938 3493 2172 3546 armatis
2231 3489 2601 3562 superfluous,
2665 3495 2955 3563 proposed

930 3562 1227 3688 maog-tibiis
1262 3565 1506 3618 admotis.
1579 3562 1694 3617 But
1734 3578 1827 3619 see
1868 3560 1930 3628 ii,
1956 3560 2008 3631 4,
2049 3559 2113 3635 ἕξ
2138 3562 2190 3630 5,
2218 3562 2249 3616 ’7
2273 3581 2287 3627 ;
2340 3560 2413 3628 iv,
2442 3559 2491 3627 1,
2517 3558 2547 3634 ξ
2571 3562 2640 3630 4;
2699 3561 2790 3631 23,
2829 3562 2955 3638 §2;
3140 3577 3141 3624 ι

930 3651 980 3698 v,
1079 3676 1093 3700 ,
1214 3673 1229 3688 .

1002 3706 1103 3766 36.
1189 3704 1234 3762 1.
1284 3707 1601 3774 perterritos
1622 3721 1734 3760 was
1758 3703 1988 3760 deleted
2009 3702 2087 3774 by
2110 3702 2420 3760 Vielhaber
2446 3704 2538 3765 (Z.
2558 3709 2606 3759 ὅ.
2640 3705 2766 3776 Gy„
2793 3707 2953 3772 1870,

975 3817 987 3831 .
1005 3774 1151 3845 541),
1168 3774 1257 3831 for
1276 3776 1378 3832 the
1397 3775 1684 3832 sufficient
1701 3793 1902 3833 reason
1922 3775 2055 3831 that
2075 3774 2123 3829 it
2146 3774 2196 3830 is
2215 3773 2528 3846 implicitly
2546 3777 2955 3836 contradicted

931 3793 1004 3917 By
1048 3847 1149 3902 the
1191 3851 1309 3904 rest
1344 3846 1409 3903 of
1447 3847 1548 3904 the
1584 3850 1871 3904 sentence.
1945 3847 2064 3902 The
2109 3846 2348 3919 reading
2384 3845 2450 3901 of
2483 3851 2525 3914 β
2561 3846 2610 3902 is
2646 3855 2956 3917 pertarum-i

933 3918 1203 3988 (reliquos
1250 3918 1444 3987 facile)
1494 3926 1560 3987 et,
1604 3918 1790 3975 which
1844 3934 1976 3990 may
2023 3918 2095 3974 be
2144 3917 2318 3989 right,
2364 3917 2588 3989 though
2638 3918 2783 3976 both
2828 3940 2955 3992 per·
3134 3907 3137 3944 ⁴

931 3992 1122 4044 tert-em·
1155 3990 1268 4045 and
1305 3998 1354 4046 et
1391 4007 1489 4046 are
1525 3990 1890 4061 superfluous.
3136 3999 3137 4078 χ

1003 4059 1123 4133 ξ2.
1172 4063 1292 4117 Sed.
1367 4060 1490 4118 One
1539 4078 1645 4117 can
1708 4061 1888 4133 easily
1934 4059 2287 4116 understand
2339 4060 2469 4131 why
2517 4058 2593 4116 Η.
2629 4061 2687 4117 J.
2734 4061 2954 4119 Maller

932 4131 1211 4204 proposed
1247 4135 1321 4187 Et
1339 4154 1355 4201 ;
1390 4133 1495 4187 but
1523 4149 1656 4203 may
1678 4137 1781 4189 not
1810 4135 1914 4189 Sed
1936 4133 2008 4189 be
2045 4130 2349 4202 explained
2383 4132 2460 4203 by
2483 4130 2693 4204 taking
2725 4151 2855 4188 eum
2890 4152 2953 4190 as
3136 4121 3137 4168 ¹

932 4203 1358 4270 concessive,—‘
1373 4203 1489 4259 But
1514 4203 1737 4276 though
1754 4204 1827 4260 he
1842 4221 1958 4259 saw
1974 4220 2049 4258 no
2071 4203 2189 4258 risk
2207 4203 2269 4258 in
2293 4202 2534 4274 making
2551 4202 2651 4260 the
2677 4208 2949 4278 attempt,

931 4275 1003 4329 he
1027 4280 1155 4331 sent
1178 4292 1253 4331 on
1278 4274 1356 4330 all
1382 4275 1473 4331 his
1498 4274 1724 4345 cavalry
1749 4275 1970 4343 ahead:
1992 4277 2093 4330 Sco.
2115 4277 2146 4331 ⁴?

1006 4349 1401 4418 Ger-mammo
1427 4387 1440 4402 .
1466 4388 1479 4402 .
1505 4388 1519 4402 .
1547 4349 1804 4403 homines.
1877 4346 1961 4402 Cf.
1988 4345 2025 4414 i,
2051 4345 2137 4412 48,
2165 4343 2229 4471 ἓξ
2256 4346 2378 4402 5-7.

1002 4421 1324 4489 exauditam.
1397 4417 1502 4475 See
1525 4418 1627 4475 the
1652 4420 1786 4475 note
1811 4435 1888 4474 on
1912 4417 1975 4486 ii,
2011 4416 2097 4486 19,
2123 4414 2153 4489 ξ
2217 4462 2229 4475 .

3130 4621 3133 4696 4

3106 4755 3131 5074 1
