3177 5166
786 290 1516 358 COMMENTARIUS
1560 289 1736 354 VIII
2143 291 2274 353 383

264 458 431 521 nihil
465 457 751 543 amplius
773 456 1110 542 copiarum
1133 477 1542 521 accessurum
1575 455 1932 531 credentes,
1956 460 2033 519 ut
2062 451 2276 539 pridie

264 566 728 648 cognoverant,
755 561 1017 626 delendi
1049 560 1387 646 equitatus
1418 560 1630 628 nostri
1662 559 1840 626 nacti
1871 559 2274 625 occasionem

267 666 688 736 videbantur.

355 772 526 838 Cum
580 770 989 857 aliquamdiu
1042 792 1302 836 summa
1349 771 1773 837 contentione
1832 768 2279 847 dimicaretur,
2306 778 2402 835 29

207 889 237 936 5
266 876 652 942 Dumnacus
704 875 982 941 instruit
1028 874 1254 955 aciem,
1300 897 1468 960 quae
1520 876 1659 941 suis
1720 878 1891 941 esset
1943 872 2279 959 equitibus

265 983 334 1046 in
379 981 587 1047 vicem
635 981 984 1068 praesidio.
1080 980 1247 1044 Tum
1293 984 1564 1066 repente
1604 979 1942 1046 confertae
1987 975 2278 1065 legiones

264 1087 336 1150 in
360 1090 781 1171 conspectum
800 1085 1090 1151 hostium
1110 1084 1410 1151 veniunt.
1477 1084 1737 1166 Quibus
1758 1081 1918 1149 visis
1940 1081 2277 1169 perculsae
2299 1095 2329 1142 2

264 1190 698 1256 barbarorum
745 1195 1004 1256 turmae
1048 1213 1124 1256 ac
1169 1189 1526 1276 perterrita
1569 1187 1741 1255 acies
1786 1188 2095 1267 hostium,
2127 1209 2276 1273 per-

264 1295 537 1360 turbato
566 1294 1192 1381 impedimentorum
1224 1294 1505 1382 agmine,
1545 1315 1791 1381 magno
1820 1291 2106 1358 clamore
2141 1291 2275 1357 dis-

170 1412 236 1459 10
263 1421 591 1485 cursuque
619 1399 864 1487 passim
890 1399 1091 1488 fugae
1122 1423 1191 1466 se
1220 1400 1563 1465 mandant.
1636 1398 1732 1464 At
1760 1396 1971 1464 nostri
2003 1397 2275 1483 equites,
2302 1416 2331 1463 3

264 1505 380 1591 qui
425 1504 624 1591 paulo
669 1509 824 1570 ante
860 1527 1010 1571 cum
1055 1503 1516 1571 resistentibus
1562 1502 1923 1569 fortissime
1966 1501 2276 1568 conflixe-

265 1609 439 1683 rant,
480 1604 741 1670 laetitia
791 1605 1103 1671 victoriae
1148 1605 1327 1681 elati,
1366 1626 1609 1692 magno
1656 1603 1951 1688 undique
1993 1603 2276 1669 clamore

264 1708 531 1775 sublato
560 1709 946 1776 cedentibus
975 1708 1379 1786 circumfusi,
1402 1714 1727 1795 quantum
1759 1729 2077 1794 equorum
2101 1706 2276 1772 vires

264 1813 350 1878 ad
404 1814 932 1900 persequendum
988 1813 1391 1899 dextraeque
1443 1812 1529 1878 ad
1572 1811 1980 1878 caedendum
2029 1810 2275 1889 valent,

172 1934 238 1984 15
268 1923 532 1983 tantum
574 1940 651 1984 eo
691 1918 941 2005 proelio
977 1919 1408 1986 interficiunt.
1499 1918 1738 2004 Itaque
1774 1916 2060 2003 amplius
2103 1916 2276 1981 mili·
2303 1924 2331 1973 4

266 2024 392 2087 bus
429 2022 571 2087 XII
616 2026 737 2089 aut
781 2030 1188 2089 armatorum
1233 2028 1351 2088 aut
1386 2045 1613 2088 eorum
1660 2022 1774 2109 qui
1809 2022 2047 2088 timore
2091 2044 2276 2087 arma

267 2128 682 2215 proiecerant
710 2128 1101 2205 interfectis,
1132 2128 1347 2193 omnis
1377 2127 1740 2194 multitudo
1775 2127 2039 2214 capitur
2066 2127 2274 2213 impe-

266 2232 732 2298 dimentorum.

355 2336 504 2416 Qua
556 2359 639 2402 ex
687 2338 849 2424 fuga
899 2359 1048 2403 cum
1096 2343 1432 2404 constaret
1476 2338 1881 2425 Drappetem
1930 2336 2274 2416 Senonem,
2304 2345 2400 2401 30
2418 2360 2602 2424 Flight
2625 2362 2683 2411 or

171 2463 239 2511 20
268 2441 401 2526 qui,
454 2447 533 2506 ut
592 2442 881 2528 primum
946 2442 1281 2508 defecerat
1341 2442 1577 2519 Gallia,
1630 2441 1918 2507 collectis
1982 2441 2276 2527 undique

266 2546 543 2633 perditis
587 2547 983 2624 hominibuS,
1015 2548 1224 2614 servis
1267 2547 1354 2612 ad
1394 2547 1773 2613 libertatem
1817 2546 2086 2628 vocatis,
2118 2568 2276 2613 exu-

267 2651 442 2716 libus
500 2653 795 2716 omnium
855 2652 1206 2716 civitatum
1270 2651 1512 2728 ascitis,
1566 2652 1847 2738 receptis
1904 2652 2277 2719 latronibus

265 2756 742 2842 impedimenta
783 2760 851 2820 et
886 2760 1289 2820 commeatus
1325 2756 1772 2821 Romanorum
1814 2756 2275 2843 interceperat,

267 2882 399 2926 non
424 2859 709 2945 amplius
739 2859 1082 2924 hominum
1104 2859 1362 2926 duobus
1386 2860 1655 2926 milibus
1685 2884 1769 2926 ex
1795 2861 1958 2949 fuga
1986 2862 2277 2927 collectis

170 2984 238 3033 25
266 2966 675 3052 provinciam
700 2968 925 3049 petere
954 2986 1218 3050 unaque
1241 2965 1588 3031 consilium
1619 2987 1769 3031 cum
1794 2988 1869 3032 eo
1897 2966 2276 3032 Lucterium

267 3069 641 3135 Cadurcum
671 3069 935 3155 cepisse,
966 3091 1160 3154 quem
1195 3070 1532 3156 superiore
1562 3072 2034 3136 commentario
2063 3070 2278 3156 prima

267 3172 637 3239 defectione
682 3172 939 3238 Galliae
986 3173 1203 3239 facere
1246 3175 1317 3239 in
1370 3173 1782 3260 provinciam
1827 3174 2112 3240 voluisse
2157 3174 2275 3239 im-

266 3282 495 3364 petum
548 3279 889 3364 cognitum
945 3281 1065 3352 est,
1114 3276 1435 3342 Caninius
1492 3278 1755 3365 legatus
1813 3300 1962 3345 cum
2019 3278 2278 3345 duabus
2302 3297 2332 3344 2

339 3499 367 3570 ξ
391 3502 439 3556 5.
480 3503 721 3570 amplius
743 3498 805 3565 is,
831 3500 855 3553 1
883 3497 1117 3564 believe,
1136 3517 1208 3554 an
1229 3500 1453 3569 adverb,
1473 3517 1535 3556 as
1560 3499 1624 3555 in
1648 3500 1683 3567 i,
1704 3501 1789 3569 35,
1866 3501 1898 3556 3
1924 3502 2038 3558 and
2062 3504 2149 3570 43,
2169 3502 2199 3576 ξ
2221 3504 2270 3561 9.

337 3570 501 3626 With
525 3573 844 3626 videbantur
865 3570 912 3625 is
938 3570 1278 3627 understood
1303 3574 1421 3628 sibi.
1496 3571 1582 3628 Cf.
1610 3571 1670 3641 ii,
1701 3572 1781 3639 11,
1868 3574 1917 3630 5.

338 3646 447 3709 30,
485 3641 514 3714 ξ
559 3643 603 3697 1.
644 3649 704 3698 ut
738 3646 989 3713 primum
1031 3645 1293 3711 defecerat
1335 3643 1678 3714 Gallia‚—in
1716 3645 1815 3702 the
1854 3644 2172 3717 beginning
2216 3647 2279 3704 of

268 3717 335 3769 52
364 3729 480 3770 13.c.

342 3789 724 3858 impedimenta
760 3827 773 3841 .
814 3828 828 3841 .
871 3827 883 3842 .
924 3788 1288 3856 interceperat.
1370 3786 1623 3857 Perhaps
1672 3786 1788 3843 this
1837 3786 2098 3860 explains
2150 3786 2273 3861 why

268 3858 553 3914 Labienus
588 3857 684 3912 did
724 3860 827 3913 not
864 3856 998 3913 take
1036 3857 1133 3913 the
1172 3857 1306 3915 field
1341 3858 1568 3928 against
1603 3858 1703 3914 the
1742 3858 1925 3915 rebels
1962 3859 2021 3915 in
2058 3860 2124 3914 52
2153 3876 2272 3918 B.c.

267 3929 459 3986 before
484 3928 688 3985 Caesar
712 3929 977 3985 returned
1002 3927 1149 3983 from
1178 3928 1331 3999 Italy
1355 3930 1441 4000 (Ο.
1458 3933 1541 3996 G„
1570 3948 1624 4000 p.
1658 3931 1804 4000 134).

337 4005 548 4056 duobus
574 4042 587 4056 .
619 4042 633 4055 .
663 4040 676 4054 .
691 4003 839 4071 fuya
875 4000 925 4054 is
961 4000 1059 4055 the
1100 4001 1340 4071 reading
1385 4002 1453 4056 of
1484 4005 1542 4065 β.
1619 4001 1685 4056 In
1721 4024 1760 4073 χ
1797 4020 1879 4057 we
1918 4003 2033 4058 find
2072 4006 2277 4061 duobus

267 4075 488 4127 milibus
522 4092 588 4127 ex
611 4075 760 4142 fuya
796 4075 1064 4143 quinque;
1102 4070 1164 4125 in
1202 4077 1247 4143 φ
1281 4075 1503 4128 milibus
1527 4077 1752 4144 exsuya
1775 4078 2024 4146 quinque.
2099 4075 2279 4131 Icon-

268 4144 433 4198 clude
458 4145 586 4199 that
605 4145 815 4199 duobus
836 4163 947 4199 was
967 4142 1027 4197 in
1048 4145 1148 4199 the
1170 4144 1491 4215 archetype,
1513 4146 1626 4199 and
1647 4144 1777 4200 that
1794 4145 1895 4202 the
1919 4144 2107 4202 writer
2133 4147 2196 4201 of
2210 4151 2274 4217 φ,

267 4215 496 4288 finding
512 4218 718 4271 duobus
745 4256 758 4269 .
785 4256 797 4268 .
823 4256 835 4269 .
861 4220 1093 4287 quinque
1110 4215 1171 4270 in
1191 4215 1289 4272 the
1310 4216 1622 4287 archetype
1650 4218 1714 4272 of
1731 4241 1781 4286 a,
1798 4217 1944 4274 tried
1970 4222 2032 4275 to
2059 4223 2276 4275 correct

267 4286 366 4342 the
394 4286 624 4343 obvious
650 4304 807 4343 error
830 4286 905 4357 by
931 4286 1209 4359 omitting
1232 4289 1457 4343 duobus.

337 4363 614 4430 superiore
638 4362 1100 4425 commentario‚—
1117 4360 1167 4425 5,
1194 4357 1223 4431 §
1255 4358 1280 4411 1
1305 4377 1318 4423 ;
1358 4361 1409 4428 7,
1438 4358 1500 4433 ἕξ
1530 4359 1647 4416 1-2.

2421 2429 2661 2491 Drappes

2419 2493 2530 2543 and

2421 2560 2720 2611 Lucterius.
