3177 5166
844 321 1575 388 COMMENTARIUS
1622 322 1732 387 III
2164 325 2287 388 127

277 486 661 554 convenisse
704 488 1068 564 constabat,
1105 486 1224 551 vix
1269 492 1510 572 quarta
1554 493 1745 574 parte
1790 488 2036 566 relicta,
2074 490 2290 555 multa

278 595 472 657 nocte
501 613 570 656 se
601 589 672 656 in
703 594 921 657 castra
950 591 1217 676 recepit.

2426 504 2520 552 the
2549 505 2680 566 fugi·

2428 570 2584 620 tives.

367 695 512 761 Hac
570 694 805 761 audita
860 717 1089 782 pugna
1139 695 1433 760 maxima
1482 717 1639 781 pars
1688 696 2091 781 Aquitaniae
2150 719 2288 764 sese
2316 706 2408 767 2¹7
2427 717 2644 767 Almost

279 800 518 867 Crasso
547 799 808 866 dedidit
837 799 1224 886 obsidesque
1253 798 1431 865 ultro
1469 800 1687 879 misit3
1731 822 1863 887 quo
1902 800 1972 865 in
2014 823 2290 867 numero

218 929 250 976 5
280 905 557 969 fuerunt
602 904 908 980 Tarbelli,
950 904 1383 990 Bigerriones,
1432 902 1700 984 Ptianii,
1742 904 2040 985 Vocates‚
2080 906 2289 971 Taru-

277 1014 473 1089 sates,
499 1009 822 1085 ElusateS,
848 1008 1066 1086 Gates,
1084 1008 1306 1086 Ausci,
1336 1007 1680 1085 Garumni,
1702 1008 2064 1086 Sibusates,
2084 1009 2288 1077 Coco-

277 1120 486 1179 sates:
532 1134 782 1200 paucae
812 1112 1088 1178 ultimae
1122 1112 1425 1178 nationes
1463 1112 1624 1177 anni
1654 1117 1950 1199 tempore
1988 1114 2288 1190 confisae,
2314 1137 2343 1184 2

279 1216 456 1303 quod
487 1217 699 1282 hiems
726 1216 1015 1296 suberat,
1045 1215 1115 1281 id
1146 1214 1363 1281 facere
1396 1216 1854 1303 neglexerunt.

2426 783 2502 832 all
2527 783 2622 833 the

2427 850 2600 911 Aqui-

2428 917 2620 965 tanian

2429 981 2599 1031 tribes

2427 1048 2650 1097 submit.

366 1321 613 1386 Eodem
656 1320 795 1386 fere
835 1325 1132 1406 tempore
1173 1318 1436 1397 Caesar,
1467 1320 1592 1386 etsi
1633 1342 1838 1407 prope
1880 1327 2117 1387 exacta
2153 1322 2286 1387 iam
2316 1329 2412 1387 28
2431 1338 2621 1388 Caesar
2643 1340 2720 1387 at-

182 1459 248 1506 10
276 1430 492 1491 aestas
536 1429 697 1501 erat,
744 1429 984 1501 tamen,
1029 1423 1208 1510 quod
1257 1425 1438 1489 omni
1484 1423 1706 1489 Gallia
1752 1432 1989 1511 pacata
2042 1426 2286 1491 Morini

277 1529 701 1616 Menapiique
739 1533 1145 1615 supererant,
1177 1528 1292 1614 qui
1335 1529 1404 1592 in
1446 1529 1650 1593 armis
1691 1540 1910 1594 essent
1946 1552 2158 1615 neque
2199 1530 2285 1596 ad

274 1657 425 1699 eum
456 1656 772 1720 umquam
809 1632 1063 1720 legatos
1101 1632 1183 1697 de
1224 1654 1382 1718 pace
1422 1632 1776 1713 misissent,
1805 1633 2172 1700 arbitratus
2215 1635 2283 1700 id

274 1737 520 1803 bellum
551 1738 853 1805 celeriter
882 1737 1109 1803 confici
1143 1759 1330 1823 posse
1369 1759 1447 1802 eo
1487 1737 1851 1802 exercitum
1883 1735 2115 1816 duxit3
2168 1739 2282 1824 qui

274 1843 468 1929 longe
497 1842 629 1907 alia
651 1842 909 1907 ratione
937 1863 1015 1907 ac
1044 1840 1282 1927 reliqui
1315 1840 1489 1905 Galli
1522 1839 1769 1905 bellum
1799 1862 2026 1927 gerere
2055 1863 2280 1929 coepe-

177 1980 242 2027 15
272 1950 452 2011 runt.
560 1946 735 2011 Nam
797 1944 973 2031 quod
1032 1943 1512 2031 intellegebant
1568 1943 1895 2009 maximas
1960 1944 2280 2025 nationes,
2309 1964 2338 2010 2

272 2072 442 2136 quae
487 2048 738 2136 proelio
780 2048 1293 2125 contendissent,
1338 2047 1563 2134 pulsas
1606 2051 2082 2134 superatasque
2125 2072 2282 2127 esse,

270 2153 814 2239 continentesque
837 2152 1039 2218 silvas
1061 2174 1138 2218 ac
1160 2151 1435 2238 paludes
1464 2151 1818 2228 habebant,
1841 2173 1918 2217 eo
1941 2175 2009 2218 se
2033 2175 2284 2240 suaque

273 2257 498 2323 omnia
518 2256 962 2323 contulerunt.
1039 2256 1144 2322 Ad
1176 2278 1458 2342 quarum
1485 2255 1754 2321 initium
1784 2256 2103 2322 silvarum
2130 2281 2280 2325 cum
2310 2284 2340 2331 3

274 2361 520 2428 Caesar
541 2362 951 2448 pervenisset
971 2365 1321 2445 castraque
1352 2361 1612 2426 munire
1642 2360 2044 2427 instituisset
2069 2384 2283 2449 neque

178 2503 248 2549 ‘20
273 2464 483 2531 hostis
528 2465 799 2531 interim
849 2465 1030 2529 visus
1081 2468 1267 2540 esset,
1312 2464 1626 2551 dispersis
1677 2463 1748 2529 in
1796 2487 1991 2551 opere
2036 2468 2284 2534 nostris

272 2569 497 2635 subito
537 2593 619 2636 ex
664 2568 971 2635 omnibus
1014 2568 1319 2656 partibus
1363 2567 1572 2635 silvae
1617 2569 2055 2637 evolaverunt
2098 2575 2168 2637 et
2211 2572 2283 2637 in

275 2679 535 2739 nostros
604 2674 928 2761 impetum
998 2673 1319 2739 fecerunt.
1429 2672 1667 2738 Nostri
1733 2672 2034 2739 celeriter
2097 2699 2285 2743 arma
2311 2699 2338 2745 4

273 2782 592 2864 ceperunt
636 2800 875 2863 eosque
922 2779 993 2842 in
1036 2777 1241 2842 silvas
1288 2777 1680 2863 repulerunt
1722 2782 1791 2842 et
1833 2779 2283 2865 compluribus

275 2881 647 2947 interfectis
691 2881 953 2968 longius
996 2881 1526 2968 impeditioribus
1577 2881 1737 2947 locis
1786 2882 1994 2947 secuti
2040 2905 2282 2969 paucos

178 3024 249 3073 25
275 3008 359 3051 ex
400 2985 538 3049 suis
575 2984 1111 3071 deperdiderunt.

363 3088 660 3175 Reliquis
732 3088 1039 3175 deinceps
1110 3089 1345 3155 diebus
1418 3089 1665 3155 Caesar
1736 3089 1940 3154 silvas
2011 3088 2282 3155 caedere
2310 3103 2405 3160 29

275 3193 591 3272 instituit,
658 3198 727 3258 et
799 3216 882 3258 ne
958 3193 1106 3279 quis
1180 3193 1544 3259 inermibus
1618 3193 2282 3279 imprudentibusque

274 3297 602 3362 militibus
645 3296 732 3361 ab
776 3297 982 3361 latere
1027 3299 1316 3383 impetus
1359 3298 1504 3362 fieri
1547 3301 1787 3383 posset,
1831 3319 2090 3363 omnem
2137 3319 2281 3362 eam

277 3437 381 3491 not
418 3435 638 3500 Caesar,
662 3435 767 3491 but
804 3435 1032 3490 Crassus
1059 3452 1170 3490 was
1203 3434 1576 3504 responsible)
1604 3434 1653 3490 is
1677 3437 2076 3507 exaggerated.
2152 3436 2209 3491 It
2233 3436 2282 3492 is

275 3507 435 3561 often
470 3506 547 3560 im
595 3505 798 3562 ossible
822 3509 883 3561 to
913 3510 1013 3577 get
1037 3508 1305 3562 accurate
1330 3504 1623 3562 estimates
1648 3506 1715 3561 of
1731 3524 1807 3561 an
1835 3507 2086 3576 enemy's
2111 3508 2281 3563 force.

274 3577 510 3633 Colonel
545 3525 611 3632 g.
641 3578 699 3633 F.
727 3578 790 3632 R„
819 3577 1499 3660 HendersonJStonewall
1523 3580 1781 3643 Jackson,
1815 3576 1850 3645 i,
1881 3578 2035 3645 1898,
2067 3598 2120 3649 p.
2152 3580 2277 3660 158)

275 3666 403 3719 says
425 3649 557 3704 that
582 3648 645 3704 in
669 3648 767 3705 the
790 3650 1099 3705 American
1123 3648 1267 3704 le
1291 3649 1434 3704 War
1457 3654 1469 3677 ‘
1486 3649 1786 3705 Patterson
1814 3652 2078 3721 reported
2105 3654 2165 3706 to
2190 3650 2279 3705 his

275 3719 664 3777 Government
699 3721 830 3776 that
867 3721 939 3778 he
976 3720 1090 3775 had
1126 3720 1271 3776 been
1307 3721 1556 3813 opposed
1594 3720 1669 3791 by
1696 3719 1858 3789 3,500
1882 3740 2030 3792 men,
2055 3723 2278 3793 exactly

277 3795 375 3848 ten
401 3790 569 3846 times
593 3791 892 3847 Jackson’s
916 3792 1106 3847 actual
1134 3791 1373 3847 number
1433 3793 1518 3853 (0.
1542 3792 1627 3861 0.,
1654 3811 1708 3863 p.
1734 3793 1885 3862 242).

347 3865 452 3927 28,
478 3860 508 3934 ξ
537 3863 582 3918 1.
621 3872 806 3918 essent.
883 3863 940 3917 If
972 3863 1176 3919 Caesar
1210 3862 1322 3917 had
1352 3862 1582 3919 written
1618 3873 1791 3929 erant,
1819 3865 1891 3921 he
1918 3864 2106 3920 would
2135 3866 2277 3920 have

277 3936 470 3989 meant
505 3933 713 4005 simply
748 3937 811 3990 to
849 3937 993 3990 state
1031 3935 1130 3991 the
1168 3935 1291 3990 fact
1326 3934 1456 3990 that
1493 3933 1593 3991 the
1630 3934 1842 3990 Morini
1876 3937 1989 3991 and
2027 3935 2279 4007 Menapii

279 4004 571 4061 remained
603 4005 663 4060 in
697 4023 877 4071 arms;
919 4006 1169 4062 whereas
1191 4008 1288 4075 qui
1311 4008 1372 4059 in
1396 4009 1567 4060 armis
1592 4015 1761 4061 essent
1784 4006 1832 4061 is
1856 4007 2182 4077 equivalent
2214 4011 2276 4063 to

273 4079 371 4203 {gi
393 4094 452 4131 eo
468 4080 845 4202 gpimqpmnt
878 4086 939 4131 ut
968 4080 1031 4201 i?
1061 4081 1236 4203 (ἰνέηίε
1268 4086 1472 4203 esse-{ath
1526 4077 1593 4132 In
1624 4076 1864 4147 English
1899 4079 1997 4134 the
2033 4080 2187 4135 force
2219 4080 2284 4134 of

345 4165 376 4203 e
401 4165 465 4202 su
530 4165 638 4203 unc
669 4165 756 4203 1ve
781 4166 886 4204 can
914 4166 987 4203 on
1166 4165 1227 4202 su
1315 4166 1372 4204 es
1403 4166 1433 4204 e
1477 4191 1489 4202 .

346 4236 405 4273 eo
439 4166 672 4289 prbperl
741 4236 937 4275 means
974 4167 1048 4274 ig
1069 4166 1318 4275 Moringogs
1353 4223 1751 4291 Menapiosque.
1823 4219 1985 4276 Close
2025 4222 2197 4291 study
2223 4224 2288 4277 of

276 4289 541 4361 chapters
566 4290 673 4344 28-
713 4332 727 4360 ,
750 4289 892 4345 with
917 4290 1102 4346 which
1129 4290 1206 4347 cf.
1231 4290 1306 4360 iv,
1332 4291 1420 4355 38,
1436 4288 1499 4373 ἧς
1525 4290 1644 4356 1-2,
1665 4289 1802 4359 will,
1827 4291 2102 4360 however,
2123 4294 2279 4349 show

273 4361 404 4418 that
430 4359 632 4417 Caesar
654 4361 912 4434 actually
937 4362 1182 4419 invaded
1208 4362 1306 4419 the
1330 4365 1600 4437 territory
1626 4363 1692 4419 of
1711 4363 1808 4418 the
1836 4361 2043 4418 Morini
2068 4364 2219 4434 only.

2429 1404 2581 1453 tacks
2607 1404 2706 1453 the

2431 1471 2650 1532 Morini,
