3177 5166
878 315 1605 383 COMMENTARIUS
1662 316 1712 379 V
2167 318 2296 381 209

283 480 669 567 impetuque
720 480 791 545 in
839 487 1101 548 nostros
1147 482 1325 548 facto
1370 479 1637 547 ordines
1681 478 2094 565 perturbant.
2190 476 2297 541 Ibi
2326 492 2353 540 4

283 584 354 649 L.
420 584 622 651 Cotta
689 607 997 673 pugnans
1068 586 1469 652 interficitur
1524 607 1674 651 cum
1745 584 2041 650 maxima
2105 588 2295 669 parte

280 689 595 759 militum.
687 690 948 776 Reliqui
995 714 1064 756 se
1108 691 1178 755 in
1224 695 1443 757 castra
1487 690 1835 775 recipiunt,
1880 687 2057 754 unde
2102 691 2295 752 erant

281 795 546 882 egressi.
653 794 758 860 Ex
824 796 1067 881 quibus
1135 795 1207 860 L.
1272 795 1679 862 Petrosidius
1751 793 2086 880 aquilifer,
2142 814 2290 859 cum
2319 805 2351 854 5

221 913 251 960 5
282 922 525 986 magna
546 899 980 966 multitudine
1009 900 1305 967 hostium
1336 905 1764 987 premeretur,
1787 898 2079 984 aquilam
2111 897 2293 962 intra

282 1004 534 1069 vallum
586 1004 861 1091 proicit3
923 1005 1063 1091 ipse
1113 1026 1235 1092 pro
1285 1005 1521 1071 castris
1567 1003 1933 1071 fortissime
1985 1024 2292 1090 pugnans

280 1108 620 1174 occiditur.
713 1109 824 1174 Illi
855 1131 1052 1196 aegre
1092 1110 1177 1175 ad
1208 1115 1469 1176 noctem
1500 1109 2066 1196 oppugnationem
2096 1107 2291 1173 susti·
2319 1126 2349 1173 6

281 1216 480 1293 nent3
531 1218 723 1280 nocte
768 1214 854 1278 ad
891 1236 1099 1279 unum
1141 1236 1368 1280 omnes
1407 1214 1760 1301 desperata
1799 1214 2015 1280 salute
2054 1235 2123 1278 se
2164 1211 2291 1299 ipsi

280 1317 708 1385 interficiunt.
787 1319 987 1385 Pauci
1012 1341 1096 1384 ex
1119 1319 1370 1406 proelio
1400 1320 1609 1406 elapsi
1640 1319 1909 1386 incertis
1939 1317 2293 1385 itineribus
2320 1336 2349 1389 7

188 1436 251 1485 10
279 1444 400 1509 per
437 1423 642 1489 silvas
682 1423 767 1489 ad
808 1423 878 1489 T.
913 1422 1277 1489 Labienum
1309 1423 1606 1511 legatum
1637 1424 1708 1488 in
1740 1424 2018 1489 hiberna
2055 1446 2289 1511 perve-

280 1528 480 1593 niunt
509 1531 711 1614 atque
741 1550 891 1594 eum
922 1528 1005 1594 de
1034 1529 1233 1594 rebus
1260 1528 1467 1616 gestis
1497 1529 1844 1595 certiorem
1879 1527 2155 1595 faciunt.

370 1632 516 1698 Hac
542 1632 824 1700 victoria
845 1632 1150 1699 sublatus
1174 1633 1524 1699 Ambiorix
1554 1633 1785 1699 statim
1809 1655 1960 1700 cum
1984 1634 2289 1719 equitatu
2318 1649 2414 1706 38
2434 1657 2717 1706 Ambiorix

281 1736 352 1801 in
397 1736 787 1821 Atuatucos,
836 1738 950 1824 qui
1003 1743 1197 1804 erant
1247 1738 1390 1804 eius
1442 1759 1649 1825 regno
1696 1737 1983 1815 finitimi,
2027 1738 2287 1824 profici·
2433 1723 2742 1838 ἳξιζξθῶἕξὶθ

280 1841 523 1921 scitur;
573 1865 788 1929 neque
834 1847 1096 1909 noctem
1136 1865 1350 1929 neque
1386 1843 1562 1908 diem
1605 1842 1998 1909 intermittit
2031 1842 2288 1929 pedita-
2431 1854 2541 1903 and
2555 1854 2741 1903 Nervii

190 1961 254 2008 15
282 1953 556 2033 tumque
601 1969 671 2013 se
711 1947 1023 2033 subsequi
1065 1947 1271 2014 iubet.
1363 1947 1461 2012 Re
1505 1946 1962 2014 demonstrata
1995 1947 2285 2012 Atuatu·
2317 1968 2346 2016 2
2433 1922 2691 2036 ἓξὲξ

280 2052 503 2137 cisque
571 2051 936 2129 concitatis,
995 2055 1260 2137 postero
1320 2050 1427 2116 die
1497 2051 1567 2114 in
1629 2049 1916 2116 Nervios
1984 2050 2292 2137 pervenit
2432 2067 2605 2116 camp.

281 2156 721 2241 hortaturque
791 2178 875 2222 ne
945 2155 1050 2221 sui
1107 2155 1177 2219 in
1237 2160 1631 2241 perpetuum
1691 2154 2019 2221 liberandi
2087 2159 2289 2241 atque

280 2260 635 2327 ulciscendi
690 2260 1020 2327 Romanos
1070 2283 1191 2347 pro
1244 2260 1326 2325 iis
1379 2281 1544 2345 quas
1595 2259 1969 2346 acceperint
2026 2258 2290 2325 iniuriis

278 2366 682 2432 occasionem
728 2364 1099 2431 dimittant.
1190 2364 1591 2430 Interiectus
1634 2386 1775 2430 esse
1826 2365 2080 2452 legatos
2122 2365 2290 2430 duos
2316 2383 2345 2430 :3

186 2486 251 2534 20
280 2492 720 2557 magnamque
780 2475 1037 2556 partem
1091 2469 1422 2535 exercitus
1480 2469 1788 2535 interisse
1839 2469 2287 2550 demonstrat;

280 2574 448 2641 nihil
501 2598 639 2642 esse
698 2575 950 2664 negotii
1009 2574 1232 2642 subito
1291 2596 1671 2662 oppressam
1732 2573 2059 2661 legionem
2120 2596 2289 2660 quae
2317 2593 2346 2639 4

279 2703 428 2747 cum
476 2680 790 2748 Cicerone
836 2681 1086 2746 hiemet
1129 2680 1449 2761 interfici;
1509 2701 1579 2745 se
1626 2679 1712 2744 ad
1756 2701 1901 2750 eam
1957 2702 2093 2745 rem
2140 2702 2291 2767 pro-

282 2787 512 2852 fitetur
554 2786 941 2852 adiutorem.
1034 2785 1252 2853 Facile
1296 2786 1420 2852 hac
1468 2786 1768 2851 oratione
1821 2783 2093 2851 Nerviis
2144 2807 2287 2872 per-

279 2892 531 2958 suadet.

188 3013 250 3060 25
364 2997 603 3084 Itaque
671 2998 1023 3064 confestim
1082 2996 1373 3062 dimissis
1439 2995 1699 3061 nuntiis
1760 2995 1846 3060 ad
1907 2993 2291 3075 Ceutrones,
2317 3019 2412 3075 39
2428 3024 2543 3074 ‘rho
2555 3024 2737 3075 attaek

280 3102 590 3181 Grudios,
629 3102 935 3180 Levacos,
974 3101 1408 3179 PleumoxiOS,
1446 3099 1869 3176 Geidumnos,
1906 3100 2021 3186 qui
2062 3122 2289 3166 omnes
2429 3091 2631 3155 begins.

281 3207 405 3273 sub
474 3229 701 3274 eorum
763 3206 1040 3293 irnperio
1105 3211 1283 3284 sunt,
1345 3226 1544 3291 quam
1615 3204 1941 3272 maximas
2011 3211 2289 3292 possunt

279 3334 517 3378 manus
559 3317 807 3399 cogunt
847 3316 916 3376 et
964 3310 1045 3376 de
1092 3310 1452 3396 improviso
1495 3308 1581 3374 ad
1629 3307 1965 3376 Ciceronis
2008 3310 2288 3375 hiberna

278 3416 599 3483 advolant
668 3415 963 3482 nondum
1022 3415 1108 3480 ad
1168 3436 1317 3481 eum
1378 3416 1557 3479 fama
1614 3414 1697 3479 de
1766 3413 2009 3480 Titurii
2074 3421 2286 3482 morte

190 3538 251 3586 30
279 3521 552 3608 perlata.
642 3520 821 3586 Huic
873 3541 1132 3606 quoque
1184 3518 1439 3598 accidit,
1487 3519 1665 3604 quod
1712 3518 1845 3585 fuit
1887 3541 2163 3598 necesse,
2207 3525 2285 3585 ut
2312 3542 2341 3590 2

280 3658 867 3804 32§83.50rc{gnegllie1{
900 3658 1247 3730 apparently
1272 3675 1470 3714 means
1497 3659 1510 3685 ‘
1528 3656 1700 3713 ranks
1721 3656 1752 3723 ⁹,
1774 3675 1835 3713 as
1859 3656 1918 3713 in
1945 3657 2016 3725 iv,
2045 3658 2132 3727 26,
2158 3658 2187 3733 ξ
2219 3659 2245 3713 1
2270 3682 2285 3728 ;

350 3774 363 3798 ν
399 3791 410 3803 .
506 3751 520 3796 3
640 3774 653 3801 2
777 3773 791 3798 ν
870 3748 918 3786 0·

349 3802 380 3876 ξ
406 3804 455 3858 5.
485 3806 703 3872 proicit.
775 3801 893 3858 The
920 3800 1080 3856 MSS.
1107 3802 1249 3856 have
1268 3804 1511 3871 proiecit,
1535 3801 1640 3856 but
1667 3800 1883 3857 Meusel
1912 3803 1990 3864 (J.
2006 3803 2094 3868 B„
2124 3802 2282 3871 1894,

278 3893 333 3946 p.
378 3875 509 3945 344)
555 3875 911 3945 conjectures
952 3874 1084 3930 that
1127 3873 1328 3929 Caesar
1368 3875 1545 3929 wrote
1580 3875 1817 3942 ρνοίσίες
1873 3874 1962 3929 for
2005 3874 2076 3930 he
2114 3892 2285 3932 never

277 3946 526 4017 changes
549 3948 733 4002 tenses
757 3943 963 4001 within
986 3963 1023 4000 a
1046 3948 1314 4001 sentence
1340 3943 1584 4000 without
1608 3944 1756 4015 good
1783 3961 2001 4000 reason.

348 4016 456 4090 §6.
493 4036 548 4072 se
585 4021 693 4087 ipsi
726 4019 1064 4084 interficiunt
1098 4016 1146 4071 is
1181 4014 1476 4087 generally
1499 4015 1676 4071 taken
1711 4018 1772 4071 to
1807 4032 1990 4084 mean,
2016 4019 2117 4071 not
2153 4017 2284 4072 that

275 4089 417 4145 each
442 4087 757 4145 individual
784 4087 1120 4144 committed
1146 4086 1379 4156 suicide,
1405 4087 1510 4142 but
1533 4086 1665 4142 that
1687 4086 1789 4143 the
1814 4103 1946 4141 men
1970 4085 2150 4143 killed
2175 4104 2282 4143 one

274 4160 539 4217 another.
610 4159 729 4215 The
754 4159 925 4215 Latin
950 4158 1029 4214 mi
1072 4159 1139 4214 ht
1165 4159 1230 4215 of
1249 4176 1442 4214 course
1467 4158 1607 4213 bear
1626 4158 1811 4214 either
1834 4157 2138 4229 meaning3
2175 4158 2280 4214 but

275 4232 374 4288 the
412 4231 591 4288 latter
621 4230 671 4285 is
705 4231 1013 4303 suggested
1081 4249 1120 4302 y
1146 4229 1302 4300 Livy,
1330 4232 1502 4301 Epic„
1531 4229 1634 4286 110
1660 4232 1989 4294 (auxiliares
2014 4271 2027 4285 .
2058 4272 2071 4285 .
2100 4271 2113 4285 .
2138 4233 2287 4285 inter

275 4323 331 4358 se
353 4312 725 4359 concurrentes
747 4304 1149 4368 occubuerunt),
1178 4302 1291 4358 and
1316 4302 1524 4367 Lucan,
1552 4300 1624 4366 iv,
1652 4301 1885 4356 556-66.

341 4378 442 4441 38,
470 4373 500 4446 ξ
524 4376 578 4434 2.
614 4377 708 4432 eui
731 4416 744 4431 .
773 4417 787 4432 .
813 4416 828 4431 .
855 4376 1139 4431 liberandi.
1217 4372 1320 4430 See
1344 4375 1443 4430 the
1469 4376 1604 4429 note
1631 4388 1704 4429 on
1730 4372 1813 4442 iii,
1838 4373 1890 4442 6,
1918 4371 1947 4446 ξ
1978 4373 2024 4428 1.

370 4494 495 4527 mom
1255 4473 1296 4521 P
