3177 5166
897 282 1029 345 368
1463 278 1586 343 DE
1634 276 1921 342 BELLO
1967 274 2360 343 GALLICO

898 443 1347 508 calamitatem
1415 441 1624 508 socios
1697 441 1947 527 optime
2020 440 2104 505 de
2165 462 2237 505 re
2311 438 2575 524 publica
2641 438 2946 503 meritos

843 570 872 616 3
899 548 1211 634 accipere,
1264 546 1593 635 legionem
1663 568 1746 611 ex
1814 544 2111 611 hibernis
2176 548 2410 610 evocat
2474 566 2708 609 rursus
2781 545 2942 618 XI„

899 652 1161 718 litteras
1233 657 1457 717 autem
1532 650 1622 716 ad
1688 652 1763 719 C.
1825 648 2106 714 Fabium
2168 648 2400 725 mittit,
2459 651 2540 712 ut
2610 648 2684 711 in
2757 650 2940 712 finoe

900 756 1329 822 Suessionum
1387 756 1682 843 legiones
1741 755 1906 820 duas
1966 775 2132 839 quas
2191 752 2482 819 habebat
2539 753 2936 828 adduceret,

843 878 871 924 4
899 861 1309 948 alteramque
1349 883 1434 926 ex
1472 860 1731 925 duabus
1774 860 1861 924 ab
1898 857 2032 946 [L.]
2072 857 2363 923 Labieno
2402 858 2696 924 arcessit.
2796 858 2934 936 Ita,
2957 874 2986 920 5

902 970 1229 1052 quantum
1260 965 1688 1030 hibernorum
1716 962 2138 1049 oportunitas
2166 962 2454 1048 bellique
2483 962 2659 1026 ratio
2688 967 2932 1048 postu·

901 1070 1103 1150 labat,
1134 1074 1455 1156 perpetuo
1499 1091 1621 1135 suo
1664 1069 1889 1135 labore
1934 1068 2006 1132 in
2051 1067 2260 1133 vicem
2305 1067 2678 1155 legionibus
2719 1090 2931 1153 expe·

898 1174 1229 1240 ditionum
1263 1196 1431 1239 onus
1461 1173 1873 1261 iniungebat.

829 1295 870 1354 ⁹7
988 1278 1116 1343 His
1144 1278 1350 1364 copiis
1379 1277 1624 1343 coactis
1653 1277 1739 1342 ad
1765 1277 2150 1342 Bellovacos
2180 1276 2621 1362 proficiscitur
2649 1276 2932 1342 castris-

898 1405 1026 1470 que
1056 1383 1126 1447 in
1158 1404 1386 1448 eorum
1438 1382 1685 1448 finibus
1724 1382 1961 1469 positis
2001 1382 2301 1468 equitum
2333 1386 2590 1446 turmas
2630 1381 2932 1447 dimittit
2961 1399 3015 1444 ιο
3121 1367 3122 1452 l

898 1487 970 1550 in
1021 1509 1249 1553 omnes
1299 1491 1524 1574 partes
1583 1486 1670 1551 ad
1724 1486 1981 1571 aliquos
2038 1485 2478 1572 excipiendos,
2524 1507 2610 1549 ex
2673 1486 2931 1570 quibus
3121 1519 3122 1522 ¹

842 1610 872 1656 2
900 1592 1194 1658 hostium
1246 1591 1521 1658 consilia
1574 1594 2014 1677 cognosceret.
2103 1590 2379 1676 Equites
2429 1590 2642 1656 officio
2695 1590 2928 1655 functi

899 1696 1292 1762 renuntiant
1340 1717 1585 1782 paucos
1645 1695 1715 1760 in
1774 1694 2094 1760 aedificiis
2152 1716 2292 1760 esse
2349 1694 2660 1760 inventos
2711 1699 2930 1781 atque

3079 955 3099 988 Χ

901 1801 1038 1880 hos,
1086 1823 1220 1866 non
1281 1800 1395 1886 qui
1454 1821 1770 1886 agrorum
1828 1799 2251 1865 colendorum
2311 1820 2511 1864 causa
2561 1801 2928 1865 remansis-

899 1909 1423 1990 sent—namque
1463 1925 1605 1970 esse
1645 1902 1940 1990 undique
1981 1903 2340 1990 diligenter
2379 1903 2925 1991 demigratum—
2953 1921 3012 1968 15

845 2033 874 2079 3
899 2009 1015 2073 sed
1067 2010 1180 2095 qui
1235 2007 1620 2095 speculandi
1672 2028 1871 2073 causa
1923 2011 2144 2072 essent
2195 2007 2472 2075 remissi.
2557 2009 2620 2072 A
2669 2009 2930 2094 quibus

899 2135 1051 2179 cum
1125 2117 1473 2200 quaereret
1544 2110 1812 2178 Caesar>
1864 2133 1996 2198 quo
2076 2110 2217 2177 loco
2297 2112 2662 2178 multitudo
2744 2119 2930 2179 esset

902 2218 1401 2284 Bellovacorum
1462 2216 1724 2303 quodve
1782 2220 1958 2281 esset
2015 2215 2363 2281 consilium
2425 2238 2670 2294 eorum,
2724 2219 2924 2284 inve-

843 2343 871 2390 4
899 2322 1130 2388 niebat
1181 2322 1565 2387 Bellovacos
1618 2342 1845 2386 omnes
1898 2319 2011 2407 qui
2065 2342 2255 2386 arma
2300 2319 2476 2387 ferre
2525 2327 2798 2407 possent
2848 2325 2923 2388 in

901 2449 1111 2492 unum
1149 2427 1363 2492 locum
1400 2426 1807 2506 convenisse,
1838 2426 2130 2511 itemque
2161 2425 2546 2510 Ambianos,
2577 2427 2925 2504 Aulercos,
2951 2445 3014 2491 ’.ὀ
3121 2483 3122 2506 ,

900 2531 1182 2611 Caletos,
1201 2530 1623 2608 VeliocasseS,
1640 2530 2029 2610 Atrebates;
2065 2530 2282 2597 locum
2311 2533 2549 2597 castris
2578 2532 2923 2598 excelsum

901 2638 972 2700 in
1032 2637 1205 2701 silva
1262 2636 1675 2702 circumdata
1742 2635 1986 2721 palude
2044 2635 2384 2721 delegisse,
2436 2637 2926 2723 impedimenta

900 2743 1124 2806 omnia
1197 2742 1266 2805 in
1342 2741 1694 2806 ulteriores
1767 2740 1972 2805 silvas
2043 2739 2422 2805 contulisse.
2521 2739 2922 2827 Complures

900 2868 1039 2911 esse
1069 2846 1401 2932 principes
1431 2849 1736 2911 auctores
1759 2843 1933 2922 belli,
1956 2842 2068 2909 sed
2096 2844 2594 2909 multitudinem
2621 2845 2918 2910 maxime

902 2951 1149 3017 Correo
1188 2951 1662 3038 obtemperare,
1694 2949 1870 3036 quod
1912 2950 1972 3015 ei
2012 2970 2271 3014 summo
2313 2971 2452 3014 esse
2488 2949 2640 3014 odio
2669 2972 2915 3015 nomen
2943 2968 3007 3015 25

844 3077 873 3125 5
901 3056 1129 3143 populi
1162 3056 1445 3122 Romani
1485 3053 1996 3119 intellexissent.
2086 3052 2323 3118 Paucis
2363 3057 2522 3119 ante
2560 3053 2796 3118 diebus
2825 3077 2916 3119 ex

901 3162 1006 3227 his
1028 3162 1263 3227 castris
1287 3156 1737 3250 [Atrebatem]
1763 3157 2135 3225 Commium
2154 3157 2528 3223 discessisse
2546 3158 2633 3223 ad
2656 3159 2918 3224 auxilia

902 3265 1382 3330 Germanorum
1442 3263 1850 3341 adducenda,
1902 3284 2183 3348 quorum
2250 3268 2322 3327 et
2381 3262 2692 3327 vicinitas
2755 3284 2912 3348 pro-

845 3387 873 3433 6
899 3372 1153 3456 pinqua
1179 3375 1247 3434 et
1277 3369 1642 3434 multitudo
1672 3372 1845 3433 esset
1865 3366 2148 3432 infinita.
2215 3365 2659 3432 Constituisse
2682 3372 2912 3431 autem

900 3474 1285 3539 Bellovacos
1314 3474 1612 3538 omnium
1642 3472 2018 3558 principum
2049 3492 2389 3551 consensu,
2408 3492 2668 3535 summa
2697 3470 2913 3557 plebis
2941 3492 2997 3537 sn

899 3579 1286 3665 eupiditate,
1319 3579 1395 3656 si,
1435 3583 1513 3642 ut
1557 3577 1907 3653 diceretur,
1937 3574 2186 3641 Caesar
2234 3596 2385 3640 cuni
2431 3575 2646 3640 tribus
2706 3574 2912 3660 legio-

900 3683 1098 3748 nibus
1147 3683 1421 3761 veniret,
1451 3704 1520 3746 se
1566 3682 1803 3746 offerre
1842 3679 1925 3745 ad
1958 3679 2429 3760 dimicandum,
2457 3701 2540 3745 ne
2570 3680 2913 3745 miseriore

972 3854 1001 3927 ξ
1029 3857 1077 3910 3.
1107 3854 1185 3937 ·C.
1204 3853 1413 3937 Fjabius
1436 3853 1551 3909 had
1576 3853 1721 3909 been
1739 3852 2042 3922 quartered
2058 3854 2121 3934 at
2145 3851 2246 3935 tlie
2264 3852 2376 3907 end
2396 3851 2462 3906 of
2480 3851 2579 3907 the
2598 3851 2914 3923 preceding

900 3921 2400 4054 Οᾶῗέἒίιεξιῗ).ωΙῗὲξίἓὲἓὲᾐῖεὲΐᾶὴῗὴξξῗίιιὲῗιὶιιθῖὶιὲ
2422 3923 2679 4063 διὲόιιιιίῑτγ
2716 3995 2782 4050 of
2811 3995 2912 4051 the

902 4069 1152 4139 Sequani
1193 4068 1309 4138 (vii,
1338 4068 1423 4136 90,
1453 4067 1483 4140 ξ
1511 4066 1944 4137 4)‚—probably
1971 4070 2034 4121 at
2059 4066 2330 4122 Vesontio
2367 4065 2728 4140 (Besancon).
2801 4066 2908 4123 See

900 4141 940 4209 i,
968 4141 1055 4209 38,
1080 4138 1143 4213 §§
1174 4140 1220 4204 1,
1253 4140 1304 4207 7,
1329 4140 1443 4195 and
1471 4140 1624 4204 αεὶ,
1654 4158 1708 4209 p.
1738 4138 1826 4207 68,
1852 4156 1906 4193 n.
1940 4138 1986 4194 1.

971 4215 1029 4278 ¹7,
1056 4211 1086 4286 ξ
1110 4213 1162 4266 4.
1201 4220 1456 4266 auctores,
1512 4210 1539 4264 I
1565 4228 1659 4266 am
1685 4214 1787 4265 not
1812 4225 1937 4264 sure
1962 4208 2218 4264 whether
2242 4207 2498 4263 auctoris
2523 4209 2660 4264 used
2689 4208 2830 4264 here
2854 4227 2916 4264 as

902 4285 960 4338 in
987 4284 1068 4345 iii.
1100 4282 1232 4355 17‚§
1258 4283 1290 4335 3
1316 4300 1378 4338 or
1402 4282 1550 4337 asin
1576 4283 1648 4347 vi,
1677 4282 1728 4350 8,
1755 4280 1785 4353 ξ
1811 4280 1859 4336 8.

972 4353 1002 4428 ξ
1028 4356 1078 4409 5.
1118 4355 1425 4409 Atrebatem
1449 4353 1498 4408 is
1522 4353 1761 4409 omitted
1786 4352 1846 4407 in
1871 4356 1925 4415 β.
