3177 5166
955 316 1087 379 300
1524 315 1647 382 DE
1692 316 1979 384 BELLO
2025 316 2410 384 GALLICO

955 485 1175 545 castra
1204 481 1464 546 munire
1497 481 1972 560 instituerunt3
2017 485 2086 547 et
2114 481 2207 548 sic
2237 486 2397 548 sunt
2425 483 2650 549 animo
2679 487 2975 549 conster-

957 585 1101 650 nati
1150 585 1449 651 homines
1491 584 1740 651 insueti
1787 585 2033 651 laboris
2079 591 2159 652 ut
2202 586 2427 652 omnia
2471 608 2640 674 quae
2687 587 2972 675 impera·

956 694 1192 755 rentur
1221 691 1347 755 sibi
1378 689 1698 777 patienda
1727 690 2211 757 existimarent.

518 807 603 856 ΗΘ
625 808 781 869 gains
829 801 922 858 31
1040 793 1107 858 N
1111 816 1183 860 ec
1212 794 1434 861 minus
1465 817 1666 882 quam
1702 798 1806 860 est
1844 794 2180 882 pollicitus
2208 794 2716 883 Vercingetorix
2745 797 2970 862 animo

518 888 825 988 ξζξὴᾞζζᾶ
953 898 1300 964 laborabat
1323 904 1401 964 ut
1424 900 1715 986 reliquas
1735 899 2046 965 civitates
2074 899 2487 986 adiungeret,
2511 906 2716 987 atque
2740 922 2966 967 earum
2995 920 3024 967 6
3105 897 3114 912 '

518 1006 685 1054 ‘⁸⁵⁸oe
894 1025 925 1072 2
951 1003 1285 1091 principes
1322 1003 1515 1070 donis
1556 1003 2281 1091 pollicitationibusque
2323 1004 2699 1071 adliciebat.
2791 1006 2968 1071 Huic

516 1071 700 1187 ἷξῖῖξε,
955 1107 1048 1172 rei
1102 1108 1374 1174 idoneos
1425 1110 1727 1175 homines
1778 1108 2134 1195 deligebat,
2181 1129 2462 1194 quorum
2516 1108 2798 1196 quisque
2847 1117 2967 1177 aut

952 1212 1255 1278 oratione
1283 1213 1563 1278 subdola
1593 1217 1715 1278 aut
1752 1211 2051 1278 amicitia
2081 1211 2396 1279 facillime
2431 1234 2668 1301 capere
2726 1219 2966 1301 posset.

895 1327 924 1374 3
955 1315 1085 1395 Qui
1118 1316 1406 1384 Avarico
1437 1321 1827 1404 expugnato
1856 1316 2265 1403 refugerant,
2289 1316 2647 1384 armandos
2677 1319 2964 1385 vestien-

894 1434 923 1480 4
952 1420 1202 1507 dosque
1252 1426 1479 1502 curat3
1555 1420 1773 1501 simul,
1824 1426 1905 1486 ut
1950 1420 2334 1487 deminutae
2389 1421 2617 1508 copiae
2675 1423 2964 1489 redinte-
2992 1444 3051 1490 10

949 1531 1320 1610 gratentur,
1353 1527 1641 1614 imperat
1680 1529 1935 1593 certum
1967 1547 2318 1590 numerum
2351 1526 2640 1592 militum
2672 1528 2965 1594 civitati-

953 1630 1092 1709 bus,
1126 1652 1320 1717 quem
1363 1636 1431 1697 et
1476 1653 1676 1718 quam
1716 1636 1872 1697 ante
1917 1630 2094 1696 diem
2124 1630 2193 1695 in
2236 1634 2456 1696 castra
2498 1631 2739 1697 adduci
2783 1632 2964 1710 velit,

950 1735 1465 1823 sagittariosque
1537 1758 1782 1815 omnes,
1845 1757 2126 1822 quorum
2196 1740 2343 1800 erat
2415 1756 2821 1825 permagnus
2895 1738 2963 1801 in

952 1839 1173 1905 Gallia
1216 1863 1552 1921 numerus,
1584 1840 1886 1927 conquiri
1935 1844 2005 1906 et
2054 1840 2140 1904 ad
2191 1861 2262 1905 se
2314 1838 2496 1906 mitti
2542 1840 2748 1907 iubet.
2838 1841 2966 1906 His

951 1945 1149 2009 rebus
1200 1946 1502 2011 celeriter
1544 1945 1614 2010 id
1662 1945 1837 2032 quod
1884 1943 2156 2011 Avarici
2209 1944 2585 2031 deperierat
2635 1946 2962 2033 expletur.
2990 1965 3048 2012 15

891 2059 921 2106 5
952 2047 1231 2114 Interim
1277 2050 1731 2130 TeutomatuS,
1771 2049 2178 2116 Olloviconis
2221 2049 2418 2130 filius,
2456 2071 2577 2115 rex
2621 2049 2962 2116 Nitiobro-

948 2174 1127 2238 gum,
1156 2154 1345 2219 cuius
1388 2159 1580 2241 pater
1609 2153 1696 2219 ab
1725 2159 1963 2220 senatu
2008 2159 2236 2220 nostro
2262 2153 2517 2220 amicus
2563 2161 2710 2221 erat
2738 2154 2962 2243 appel·

948 2257 1143 2336 latua,
1176 2280 1327 2325 cum
1358 2281 1604 2346 magno
1633 2281 1911 2326 numero
1940 2258 2242 2347 equitum
2272 2280 2545 2325 suorum
2577 2267 2646 2326 et
2685 2282 2850 2347 quos
2877 2282 2961 2326 ex

949 2362 1322 2448 Aquitania
1351 2364 1764 2431 conduxerat
1794 2364 1879 2430 ad
1909 2386 2060 2430 eum
2090 2365 2417 2450 pervenit.

508 2480 717 2542 Caesar,
742 2487 797 2533 at
823 2478 918 2536 32
1035 2467 1280 2534 Caesar
1328 2469 1603 2535 Avarici
1656 2470 2027 2558 complures
2077 2468 2219 2534 dies
2273 2475 2718 2535 commoratus
2781 2491 2960 2535 sum·
2986 2487 3048 2534 20

510 2548 604 2596 ⁰¹⁰
628 2562 705 2596 m·
946 2596 1254 2661 mamque
1307 2574 1399 2639 ibi
1453 2574 1712 2663 copiam
1767 2574 2088 2640 frumenti
2144 2579 2212 2640 et
2264 2573 2504 2661 reliqui
2556 2580 2961 2641 commeatus

507 2618 665 2675 quest
689 2613 750 2663 of

505 2681 816 2795 ἑῑὲὲἰὲξὲῑυί,
886 2697 916 2744 2
946 2684 1181 2744 nactus
1211 2680 1576 2745 exercitum
1618 2702 1703 2746 ex
1735 2679 1958 2745 labore
1999 2684 2202 2765 atque
2233 2679 2459 2765 inopia
2495 2679 2724 2746 reficit.
2813 2679 2958 2744 Iam

507 2812 751 2861 between
943 2805 1149 2871 prope
1211 2785 1426 2850 hieme
1485 2783 1804 2863 confecta,
1859 2806 2008 2850 cum
2070 2785 2215 2871 ipso
2274 2783 2435 2848 anni
2503 2786 2802 2871 tempore
2869 2785 2957 2849 ad

507 2878 793 2995 :svigffiants
941 2888 1305 2974 gerendum
1359 2888 1607 2954 bellum
1663 2892 2015 2955 vocaretur
2066 2894 2135 2953 et
2186 2888 2271 2953 ad
2322 2888 2581 2953 hostem
2633 2888 2953 2975 proficisci

508 3010 591 3058 for
619 3012 714 3060 the
942 2994 1413 3070 constituisset,
1443 2995 1585 3059 sive
1632 3016 1783 3059 eum
1830 3016 1915 3060 ex
1960 2992 2318 3080 paludibus
2361 2992 2682 3078 silvisque
2725 2993 2956 3059 elicere
2981 3015 3040 3064 25

506 3077 812 3205 Qffifgo‘ssfmt·
942 3097 1084 3163 sive
1120 3098 1460 3163 obsidione
1492 3120 1789 3184 premere
1820 3104 2061 3184 posset,
2093 3097 2297 3185 legati
2328 3096 2413 3162 ad
2443 3118 2596 3162 eum
2628 3097 2957 3184 principes

946 3200 1376 3268 Haeduorum
1430 3203 1716 3268 veniunt
1771 3206 2035 3267 oratum
2096 3205 2175 3267 ut
2234 3200 2524 3266 maxime
2590 3202 2955 3267 necemario

884 3315 912 3361 3
942 3312 1238 3394 tempore
1281 3307 1543 3371 civitati
1593 3306 1987 3373 subveniat:
2043 3326 2302 3371 summo
2347 3326 2488 3371 esse
2540 3304 2611 3368 in
2665 3304 2953 3393 periculo

941 3432 1099 3490 rem,
1130 3411 1323 3496 quod,
1354 3432 1503 3476 cum
1551 3411 1797 3499 singuli
1845 3410 2280 3498 magistratus
2323 3409 2702 3495 antiquitus
2746 3411 2949 3475 creari

940 3537 1041 3664 M§
1071 3540 1128 3665 d·
1163 3543 1579 3610 imperarentur.
1651 3541 1770 3596 The
1808 3539 2163 3610 subjunctive
2200 3540 2248 3595 is
2283 3539 2391 3595 due
2428 3541 2491 3594 to
2528 3537 2857 3595 Attraction
2893 3539 2966 3595 of·

1003 3629 1070 3667 oo
1117 3653 1130 3665 .

1009 3686 1102 3746 31.
1131 3680 1160 3755 ξ
1186 3684 1239 3738 4.
1350 3702 1470 3739 θην.
1502 3725 1516 3740 .
1542 3725 1556 3741 .
1581 3686 1721 3742 velit.
1795 3683 1863 3738 In
1887 3682 2207 3756 governing
2228 3681 2347 3738 this
2372 3681 2562 3738 clause
2593 3685 2826 3753 imperat
2850 3683 2949 3737 has

937 3753 1036 3809 the
1062 3772 1222 3810 sense
1247 3773 1280 3811 o
1331 3759 1608 3810 constituit
1631 3761 1691 3815 in
1714 3757 1766 3820 4,
1789 3754 1819 3828 ξ
1839 3756 1891 3811 8.
1954 3753 2389 3837 Vercingetorix
2414 3759 2428 3783 ⁸
2445 3753 2629 3810 levied
2656 3772 2694 3809 a
2716 3755 2945 3809 definite

937 3826 1179 3881 number
1203 3826 1267 3882 of
1295 3827 1532 3882 recruits
1566 3829 1716 3887 from
1741 3828 1840 3884 the
1865 3826 2061 3890 tribes,
2088 3827 2270 3898 fixing
2294 3825 2394 3881 the
2427 3826 2695 3895 strength
2722 3826 2787 3880 of
2812 3825 2944 3881 each

936 3898 1278 3969 contingent
1302 3899 1414 3953 and
1439 3898 1540 3954 the
1565 3903 1701 3959 date
1725 3899 1801 3970 by
1821 3898 2006 3954 which
2035 3899 2106 3953 he
2134 3897 2393 3968 required
2412 3897 2575 3953 them
2598 3899 2661 3953 to
2686 3895 2866 3953 arrive
2889 3901 2946 3951 at

933 3970 1416 4040 head-quartem’,
1443 3972 1545 4026 διο.

1007 4040 1037 4114 ξ
1065 4042 1115 4096 5.
1154 4045 1379 4097 amicus.
1458 4042 1562 4097 See
1590 4043 1689 4097 the
1716 4043 1840 4097 first
1865 4044 2001 4097 note
2029 4058 2104 4096 on
2129 4039 2167 4106 i,
2192 4038 2296 4113 3,§
2321 4041 2373 4095 4.

1004 4117 1108 4177 32.
1136 4112 1166 4186 ξ
1197 4114 1244 4168 1.
1285 4122 1662 4170 commoratus.
1740 4113 1844 4169 See
1869 4113 1969 4168 the
1996 4116 2132 4169 note
2158 4129 2231 4167 on
2260 4130 2308 4177 v,
2336 4112 2387 4175 7.
2412 4109 2441 4184 ξ
2470 4111 2522 4165 3.

1063 4186 1116 4241 2.
1146 4190 1441 4256 principes.
1522 4185 1626 4241 See
1653 4186 1752 4241 the
1778 4189 1942 4241 notes
1966 4202 2037 4239 on
2062 4183 2099 4252 i,
2126 4184 2176 4251 3,
2208 4181 2238 4255 ξ
2264 4184 2318 4251 5,
2349 4183 2432 4249 19,
2463 4181 2492 4255 ξ
2519 4181 2570 4237 3.

1082 4258 1132 4312 3.
1184 4260 1394 4325 einyuli
1439 4260 1810 4326 maqistratus.
1891 4255 2013 4312 The
2063 4255 2397 4327 magistrate
2446 4270 2563 4309 was
2613 4251 2799 4309 called
2845 4253 2940 4308 the

930 4327 1262 4399 Vergobret.
1341 4329 1444 4384 See
1483 4346 1538 4399 p.
1567 4328 1666 4397 liv,
1702 4328 1816 4384 and
1850 4326 1888 4393 i,
1919 4328 2002 4397 16,
2031 4326 2061 4400 ξ
2088 4329 2137 4383 5.

999 4400 1075 4453 As
1100 4398 1313 4454 Meusel
1351 4399 1605 4456 remarks
1641 4400 1719 4472 (J.
1737 4402 1824 4466 B.,
1856 4399 2011 4466 1894,
2039 4417 2099 4471 p.
2124 4396 2272 4469 365),
2310 4403 2666 4463 consuessent,
2688 4395 2940 4454 between
