3177 5166
896 297 1027 360 218
1462 293 1584 360 DE
1629 293 1917 362 BELLO
1963 291 2352 361 GALLICO

767 458 866 519 4⁷
983 458 1172 524 Hora
1211 458 1473 525 circiter
1512 458 1647 525 ΙΙΙ.
1681 458 1770 523 ab
1809 457 2350 524 antecursoribus
2394 456 2477 522 de
2520 455 2746 524 Crassi
2789 456 2910 521 ad-

894 567 1102 628 ventu
1149 562 1392 629 certior
1438 561 1660 631 factus
1709 584 1787 628 eo
1834 562 1942 628 die
1986 562 2173 628 milia
2215 584 2532 649 passuum
2577 561 2704 626 XX
2753 581 2913 647 pro-

834 683 864 730 2
891 666 1211 754 greditur.
1300 665 1616 735 Crassum
1663 667 2173 732 Samarobrivae
2214 667 2515 754 praeficit
2550 665 2916 753 legionem-

892 792 1021 857 que
1085 772 1145 836 ei
1211 771 1544 849 attribuit,
1605 770 1781 857 quod
1848 771 1941 836 ibi
2014 772 2491 858 impedimenta
2554 771 2916 851 exercituS,

890 875 1151 942 obsides
1221 875 1594 955 civitatum,
1656 875 1916 941 litteras
1989 876 2289 964 publicas
2362 876 2918 962 frumentumque
2945 889 2982 939 5

886 1002 1101 1059 omne,
1161 980 1336 1066 quod
1397 1002 1475 1046 eo
1534 980 1917 1046 tolerandae
1975 980 2213 1046 hiemis
2272 1002 2472 1046 causa
2528 981 2915 1055 devexerat,

834 1108 864 1156 3
892 1085 1325 1172 relinquebat.
1441 1084 1704 1163 Fabius,
1765 1090 1845 1150 ut
1913 1085 2312 1171 imperatum
2385 1088 2547 1163 erat,
2607 1106 2742 1150 non
2809 1084 2920 1150 ita

891 1189 1178 1255 multum
1244 1193 1542 1255 moratus
1611 1190 1682 1254 in
1754 1189 1994 1256 itinere
2063 1211 2213 1255 cum
2272 1190 2530 1276 legione
2599 1190 2914 1256 occurrit.

835 1308 862 1355 4
892 1294 1222 1359 Labienus
1263 1293 1541 1358 interitu
1584 1293 1818 1359 Sabini
1860 1298 1928 1358 et
1966 1294 2165 1360 caede
2204 1294 2578 1360 cohortium
2620 1295 2916 1382 cognita,

890 1420 1040 1464 cum
1100 1419 1327 1464 omnes
1396 1396 1483 1461 ad
1542 1420 1693 1463 eum
1754 1398 2193 1464 Treverorum
2260 1398 2487 1484 copiae
2546 1399 2914 1477 venissent,
2945 1418 3012 1466 1⁰

896 1502 1146 1568 veritus
1187 1524 1288 1581 ne,
1318 1501 1375 1567 si
1407 1523 1493 1566 ex
1533 1502 1829 1567 hibernis
1867 1501 2069 1589 fugae
2109 1501 2393 1567 similem
2425 1502 2914 1590 profectionem

892 1605 1175 1685 fecisset,
1204 1606 1498 1672 hostium
1539 1607 1866 1693 impetum
1903 1607 2230 1672 sustinere
2270 1628 2405 1672 non
2446 1613 2688 1695 posset,
2718 1630 2915 1696 prae-

837 1731 866 1780 5
892 1711 1119 1777 sertim
1191 1733 1356 1796 quos
1424 1711 1673 1776 recenti
1734 1710 2018 1777 victoria
2076 1711 2295 1776 efferri
2365 1712 2580 1792 sciret,
2642 1713 2918 1780 litteras

890 1815 1159 1884 Caesari
1213 1814 1515 1892 remittit,
1561 1819 1815 1900 quanto
1871 1836 2022 1881 cum
2081 1815 2374 1901 periculo
2433 1815 2758 1903 legionem
2823 1841 2918 1882 ex

890 1921 1186 1986 hibernis
1228 1920 1588 1985 educturus
1625 1922 1837 1999 esset3
1891 1941 2030 1985 rem
2071 1925 2327 2008 gestam
2368 1920 2437 1985 in
2481 1919 2918 1988 Eburonibus
2947 1935 3012 1985 15

889 2024 1274 2111 perscribit;
1318 2023 1510 2089 docet
1539 2045 1767 2089 omnes
1803 2024 2143 2110 equitatus
2183 2024 2654 2111 peditatusque
2682 2027 2916 2113 copias

889 2130 1325 2195 Treverorum
1372 2128 1484 2193 III
1525 2127 1713 2193 milia
1757 2150 2072 2215 passuum
2117 2128 2313 2215 longe
2358 2129 2444 2194 ab
2486 2130 2627 2195 suis
2669 2130 2916 2197 castris

889 2235 1275 2301 consedisse.

763 2353 864 2410 48
980 2338 1225 2403 Caesar
1274 2337 1545 2403 consilio
1599 2338 1742 2402 eius
1801 2337 2098 2423 probat0,
2145 2338 2270 2403 etsi
2328 2337 2639 2424 opinione
2697 2338 2908 2404 trium

889 2443 1225 2531 legionum
1288 2442 1581 2508 deiectus
1648 2442 1732 2507 ad
1802 2441 1971 2506 duas
2040 2441 2351 2524 redierat,
2410 2446 2633 2508 tamen
2693 2465 2906 2508 unum
2938 2461 3009 2509 20

836 2563 865 2611 2
891 2548 1222 2616 communi
1247 2546 1447 2614 saluti
1478 2546 1807 2613 auxilium
1841 2546 1911 2611 in
1940 2545 2280 2613 celeritate
2310 2547 2614 2633 ponebat.
2702 2546 2909 2615 Venit

892 2654 1153 2741 magnis
1182 2651 1534 2718 itineribus
1563 2652 1636 2716 in
1668 2651 2070 2716 Nerviorum
2098 2651 2280 2717 fines.
2367 2651 2471 2716 Ibi
2505 2674 2587 2717 ex
2617 2652 2909 2738 captivis

891 2760 1227 2846 cognoscit
1281 2779 1451 2844 quae
1503 2756 1685 2843 apud
1730 2756 2112 2822 Ciceronem
2158 2760 2480 2843 gerantur
2523 2762 2907 2844 quantoque

457 2880 568 2930 and
593 2879 755 2929 sends
836 2874 865 2922 3
893 2863 962 2927 in
1003 2862 1295 2948 periculo
1335 2883 1439 2927 res
1479 2861 1584 2926 sit.
1674 2860 1846 2925 Tum
1885 2859 2149 2925 cuidam
2189 2882 2273 2926 ex
2319 2861 2653 2947 equitibus
2694 2860 2909 2927 Gallis

456 2946 767 3063 ῗοᾶὲῗξζξζῗι
890 2967 1151 3054 magnis
1181 2966 1493 3052 praemiis
1523 2965 1879 3051 persuadet
1901 2964 2002 3029 uti
2033 2965 2120 3029 ad
2145 2963 2527 3031 Ciceronem
2549 2965 2907 3053 epistulam
2933 2983 3000 3032 25

837 3081 864 3128 4
890 3071 1166 3136 deferat.
1262 3070 1456 3135 Hanc
1496 3069 1766 3135 Graecis
1805 3069 2244 3156 conscriptam
2275 3069 2521 3136 litteris
2560 3070 2792 3148 mittit,
2821 3093 2909 3138 ne

958 3212 1060 3274 47,
1087 3207 1115 3280 ξ
1142 3208 1192 3264 2.
1234 3211 1628 3278 impedimenta.
1700 3207 1822 3264 The
1859 3210 2058 3279 troops
2092 3208 2219 3265 who
2254 3209 2370 3264 had
2413 3209 2560 3266 been
2595 3212 2907 3281 quartercd

890 3284 953 3336 at
978 3280 1278 3345 Atuatuca,
1305 3279 1421 3335 and
1446 3278 1736 3336 doubtless
1759 3279 1880 3336 also
1905 3280 2007 3337 the
2032 3278 2256 3349 legions
2287 3280 2349 3335 in
2375 3281 2475 3336 the
2500 3281 2666 3338 other
2692 3299 2903 3354 camps,

889 3353 1003 3407 had
1043 3353 1224 3423 heavy
1258 3353 1519 3423 bagg-age
1552 3350 1692 3406 with
1725 3351 1886 3406 them
1914 3350 2023 3416 (31,
2053 3350 2083 3424 ξ
2110 3351 2185 3420 6).
2259 3352 2330 3407 In
2364 3351 2463 3408 the
2501 3353 2807 3425 campaign
2843 3354 2913 3411 of

891 3426 959 3478 52
982 3439 1035 3478 B.
1051 3440 1102 3480 c.
1125 3425 1331 3480 Caesar
1356 3424 1461 3479 left
1480 3422 1578 3478 the
1597 3423 1856 3494 baggage
1875 3422 1940 3478 of
1957 3423 2057 3480 the
2078 3422 2259 3480 whole
2285 3441 2446 3495 army
2468 3428 2528 3480 at
2546 3423 2902 3497 Agedincum

888 3497 1072 3567 (Sens)
1109 3495 1225 3564 (vii,
1255 3496 1337 3560 10,
1367 3493 1397 3619 f
1425 3496 1479 3562 3)
1505 3515 1518 3560 ;
1556 3494 1680 3561 but,
1712 3511 1776 3549 as
1809 3512 1922 3564 any
1952 3494 2162 3551 soldier
2193 3496 2379 3551 would
2415 3497 2782 3565 understand,
2807 3496 2903 3553 the

890 3586 1050 3638 army
1092 3568 1361 3625 neverthe
1390 3585 1474 3623 ess
1514 3565 1655 3622 took
1698 3582 1852 3622 some
1893 3566 2151 3638 baggage
2186 3565 2326 3623 with
2373 3566 2421 3624 it
2463 3566 2588 3626 into
2629 3569 2729 3627 the
2769 3569 2904 3626 field

895 3637 1072 3783 (3553.
1090 3640 1282 3766 ἶξιϋεε.
1357 3709 1476 3766 The
1500 3708 1860 3780 subjunctive
1885 3708 1931 3764 is
1957 3708 2163 3765 causal.

959 3785 1069 3845 48.
1109 3781 1138 3865 ᾗ
1180 3783 1226 3837 1.
1265 3784 1364 3836 etsi
1404 3824 1417 3837 .
1463 3822 1477 3836 .
1524 3822 1537 3836 .
1581 3784 1830 3836 redierat.
1902 3780 2140 3852 Though
2185 3781 2285 3837 the
2327 3782 2600 3854 meaning
2641 3783 2707 3838 of
2738 3783 2904 3840 thess

892 3853 1067 3909 words
1105 3872 1154 3908 1s
1184 3851 1626 3920 unmistakable,
1652 3852 1699 3908 it
1736 3852 1785 3906 is
1821 3853 1965 3908 hard
1997 3857 2058 3910 to
2092 3854 2372 3911 translate
2401 3854 2562 3911 them
2599 3853 2725 3910 into
2753 3856 2903 3924 good

892 3924 1153 3996 English.
1228 3925 1256 3979 1
1306 3924 1509 3979 should
1556 3941 1657 3994 say
1705 3924 2023 3995 ‘although
2065 3925 2138 3980 he
2185 3925 2300 3980 had
2349 3924 2485 3994 only
2527 3929 2639 3982 two
2680 3927 2903 3998 legions

890 3996 1113 4053 instead
1164 3996 1230 4052 of
1269 3996 1370 4052 the
1420 3996 1583 4051 three
1630 3994 1815 4051 which
1866 3996 1939 4052 he
1997 3996 2109 4051 had
2158 3996 2437 4065 expected
2454 3998 2483 4053 ⁹.
2566 3996 2794 4054 Instead
2842 3999 2907 4055 of

892 4073 1122 4124 adierat
1158 4068 1374 4124 Meusel
1419 4067 1624 4137 adopts
1660 4066 1981 4138 Pluygers’s
2023 4068 2408 4132 emendation,
2453 4071 2745 4136 recideram
2801 4070 2905 4125 but

892 4160 1022 4211 may
1070 4158 1177 4197 one
1226 4143 1329 4195 not
1378 4155 1642 4209 compare
1691 4141 1853 4208 B.C.,
1892 4138 1976 4206 iii,
2016 4140 2103 4207 93,
2145 4137 2175 4212 ξ
2214 4139 2570 4212 2,--ρίῑίεηιιε
2611 4143 2791 4196 missis
2832 4145 2906 4197 ad

889 4216 1103 4283 yladios
1137 4212 1466 4267 redierunt?

966 4283 995 4428 ἓ
1024 4286 1073 4339 3.
1111 4285 1380 4355 equitibus
1407 4284 1605 4338 Gallis.
1676 4281 1781 4339 See
1805 4282 1904 4339 the
1931 4286 2067 4340 note
2091 4299 2166 4338 on
2192 4280 2233 4351 i,
2256 4282 2344 4350 23,
2371 4281 2400 4355 ξ
2426 4282 2479 4338 2.

1031 4360 1082 4413 4.
1127 4357 1349 4410 Graecis
1390 4359 1752 4425 conscriptam
1791 4356 1988 4410 litteris
2028 4373 2136 4412 can
2174 4355 2308 4426 only
2342 4371 2510 4412 mean
2548 4355 2806 4412 ‘written
2844 4355 2906 4413 in
