3177 5166
502 722 617 772 'l'he

502 789 745 839 Senones

504 854 633 918 defy

503 920 713 970 Caesar.

944 339 1075 401 224
1510 335 1633 402 DE
1678 335 1964 402 BELLO
2011 335 2400 402 GALLICO

942 496 1248 564 Caesaris
1305 497 1697 579 discessisse,
1747 498 1912 564 adeo
1964 502 2044 564 ut
2097 497 2296 586 fugae
2347 496 2583 563 similis
2633 496 2965 564 discessus

944 601 1303 667 videretur.

816 721 916 778 54
1026 707 1121 772 At
1150 705 1397 773 Caesar
1432 707 1843 795 principibus
1879 707 2197 794 cuiusque
2237 707 2534 774 civitatis
2567 706 2655 772 ad
2699 730 2769 773 se
2805 730 2960 774 evo-

941 809 1126 890 catis,
1186 811 1353 878 alios
1416 811 1806 889 territandO,
1867 808 2046 902 [cum
2116 833 2188 878 se
2256 810 2425 878 scire
2483 833 2654 898 quae
2721 813 2963 878 fierent

943 912 1421 1005 denuntiaret,]
1447 915 1616 983 alios
1642 915 2048 982 cohortando
2077 937 2387 1004 magnam
2412 920 2670 1002 partem
2701 914 2961 982 Galliae
2988 937 3019 984 5

886 1045 917 1093 2
946 1020 1017 1083 in
1049 1019 1262 1086 officio
1293 1020 1532 1087 tenuit.
1623 1020 1874 1086 Tamen
1915 1020 2228 1099 Senones,
2257 1042 2427 1107 quae
2462 1025 2564 1086 est
2604 1019 2848 1086 civitas
2886 1021 2960 1086 in

945 1122 1179 1210 primis
1248 1125 1441 1190 firma
1498 1130 1569 1191 et
1637 1146 1918 1212 magnae
1986 1125 2165 1191 inter
2222 1124 2448 1192 Gallos
2515 1124 2959 1206 auctoritatis,

945 1227 1372 1308 Cavarinum,
1396 1251 1593 1316 quem
1624 1229 1870 1297 Caesar
1896 1229 2076 1317 apud
2106 1251 2218 1296 eos
2246 1251 2468 1316 regem
2496 1229 2957 1305 constituerat,

942 1333 1130 1399 cuius
1171 1334 1384 1401 frater
1423 1334 1827 1422 Moritasgus
1869 1333 2164 1401 adventu
2209 1334 2282 1399 in
2325 1332 2613 1399 Galliam
2651 1332 2960 1401 Caesaris

941 1437 1260 1524 cuiusque
1339 1439 1621 1505 maiores
1701 1460 1980 1526 reguum
2059 1438 2510 1517 obtinuerant,
2584 1438 2958 1505 interficere
2985 1454 3049 1501 10

941 1541 1207 1628 publico
1245 1542 1519 1609 consilio
1556 1543 1797 1622 conati,
1829 1564 1980 1609 cum
2024 1542 2136 1608 ille
2169 1543 2640 1630 praesensisset
2683 1565 2761 1608 ac
2804 1563 2956 1629 pro·

940 1645 1240 1732 fugisset,
1269 1668 1476 1733 usque
1520 1646 1606 1712 ad
1643 1647 1808 1713 fines
1846 1646 2128 1713 insecuti
2157 1668 2361 1734 regno
2391 1646 2718 1732 domoque
2745 1668 2956 1733 expu-

882 1776 911 1824 3
939 1749 1178 1831 lerunt,
1234 1757 1304 1817 et
1362 1751 1580 1816 missis
1639 1750 1727 1817 ad
1779 1750 2129 1818 Caesarem
2188 1750 2353 1817 satis
2413 1750 2700 1817 faciendi
2753 1772 2955 1818 eausa

939 1853 1195 1941 legatis,
1223 1876 1374 1922 cum
1403 1856 1462 1920 is
1492 1877 1754 1921 omnem
1792 1855 1876 1920 ad
1916 1877 1987 1920 se
2026 1859 2332 1922 senatum
2364 1855 2592 1921 venire
2631 1855 2954 1933 iussisset,

880 1977 908 2024 4
938 1958 1115 2024 dicto
1152 1959 1501 2025 audientes
1540 1982 1676 2026 non
1718 1959 2010 2026 fuerunt.
2102 1960 2390 2025 Tantum
2430 1960 2606 2046 apud
2649 1960 2954 2026 homines
2982 1981 3046 2030 15

937 2062 1253 2130 barbaros
1301 2064 1516 2130 valuit
1567 2086 1708 2131 esse
1759 2065 2017 2150 aliquos
2070 2069 2366 2150 repertos
2413 2064 2745 2150 principes
2790 2065 2950 2131 belli

936 2165 1269 2232 inferendi
1320 2172 1713 2255 tantamque
1764 2168 2070 2234 omnibus
2116 2167 2544 2235 voluntatum
2585 2176 2951 2236 commuta-

937 2270 1186 2335 tionem
1237 2272 1487 2352 attulit,
1537 2278 1619 2339 ut
1669 2278 1935 2359 praeter
1985 2272 2301 2341 Haeduos
2350 2276 2420 2339 et
2479 2273 2733 2356 Remos,
2786 2297 2954 2361 quos

936 2374 1289 2462 praecipuo
1341 2398 1601 2463 semper
1647 2378 1894 2443 honore
1941 2375 2188 2444 Caesar
2234 2377 2488 2455 habuit,
2532 2379 2777 2444 alteros
2831 2401 2954 2465 pro

936 2483 1161 2545 vetere
1226 2503 1302 2547 ac
1369 2487 1693 2568 perpetua
1757 2503 1916 2569 erga
1979 2481 2300 2569 populum
2366 2481 2736 2548 Romanum
2799 2484 2955 2566 fide,
2977 2498 3045 2545 20

934 2582 1179 2650 alteros
1222 2607 1343 2672 pro
1390 2587 1766 2653 recentibus
1808 2586 2044 2652 Gallici
2096 2587 2248 2653 belli
2292 2587 2538 2665 officiis,
2580 2587 2768 2654 nulla
2809 2587 2952 2656 fere

878 2712 907 2760 5
933 2689 1173 2755 civitas
1217 2688 1426 2757 fuerit
1469 2713 1604 2756 non
1648 2697 1953 2777 suspecta
1995 2691 2204 2757 nobis.
2296 2690 2508 2777 quue
2557 2691 2723 2758 adeo
2766 2694 2947 2759 haud

932 2794 1067 2860 scio
1099 2794 1561 2861 mirandumne
1591 2795 1699 2875 sit,
1728 2817 1878 2861 cum
1914 2795 2364 2882 compluribus
2403 2795 2554 2860 aliis
2588 2796 2670 2862 de
2710 2799 2945 2878 causis,

932 2905 1079 2965 tum
1116 2900 1404 2966 maxime
1439 2899 1614 2986 quod
1652 2901 1766 2986 qui
1800 2899 2053 2966 virtute
2093 2900 2251 2966 belli
2291 2901 2599 2966 omnibus
2632 2902 2950 2988 gentibus

931 3001 1480 3088 praeferebantur
1500 3008 1769 3070 tantum
1791 3025 1860 3069 se
1884 3003 2027 3069 eius
2045 3004 2375 3091 opinionis
2397 3003 2844 3091 deperdidisse
2868 3012 2949 3073 ut
2973 3029 3036 3077 25

933 3107 1161 3193 populi
1185 3107 1464 3174 Romani
1489 3109 1770 3195 imperia
1793 3109 2172 3195 perferrent
2192 3108 2585 3196 gravissime
2607 3109 2946 3179 dolebant.

1002 3257 1108 3319 54.
1138 3253 1167 3326 ξ
1198 3256 1243 3309 1.
1295 3257 1438 3311 alios
1473 3254 1521 3309 is
1549 3254 1690 3326 only
1715 3255 1890 3312 found
1928 3255 1989 3311 in
2025 3257 2069 3311 S
2082 3275 2094 3319 ;
2132 3256 2239 3311 but
2262 3255 2578 3311 aliae—the
2606 3255 2850 3327 reading
2885 3260 2953 3314 of

933 3326 1263 3391 X—which,
1297 3326 1323 3379 I
1364 3326 1507 3381 need
1546 3325 1749 3397 hardly
1784 3345 1901 3397 say,
1927 3326 1974 3382 is
2006 3344 2082 3382 an
2114 3327 2341 3393 adverb,
2367 3326 2417 3381 is
2455 3326 2592 3383 used
2629 3326 2704 3396 by
2736 3326 2948 3385 Caesar

934 3396 1019 3467 (ii,
1046 3398 1133 3463 29,
1164 3396 1193 3469 ξ
1221 3399 1287 3461 5;
1325 3397 1408 3464 iii,
1435 3398 1520 3465 21,
1552 3396 1581 3469 ξ
1612 3399 1677 3467 3;
1718 3416 1767 3465 v,
1793 3399 1878 3465 57,
1908 3396 1938 3471 ξ
1963 3398 2031 3468 3;
2070 3401 2235 3465 aa..
2260 3397 2298 3469 i,
2325 3398 2413 3466 59,
2451 3396 2516 3471 ξς
2555 3397 2685 3469 2-3)
2716 3399 2854 3471 only
2880 3400 2944 3457 in

930 3470 1132 3539 regard
1157 3473 1218 3525 to
1242 3470 1400 3525 time.

1001 3560 1122 3595 cum
1168 3559 1223 3596 se
1268 3545 1404 3597 scire
1438 3583 1451 3596 .
1493 3581 1507 3595 .
1548 3582 1560 3595 .
1601 3544 1949 3597 denuntiaret
1996 3540 2044 3596 is
2090 3559 2166 3597 an
2221 3540 2318 3597 old
2367 3541 2711 3612 conjecture,
2748 3543 2940 3599 which

928 3613 1218 3699 appeared
1258 3614 1376 3669 first
1410 3612 1472 3667 in
1506 3613 1606 3669 the
1643 3612 1852 3699 aldins
1886 3612 2123 3671 edition.
2195 3613 2314 3670 The
2341 3613 2580 3700 reading
2603 3613 2669 3668 of
2687 3638 2720 3667 a
2744 3612 2793 3669 is
2818 3634 2940 3670 cum

926 3687 1540 3838 &11352'13‘3331‘335535‘
1538 3687 1739 3827 vri-2²3}
1756 3686 2109 3822 ;⁰‘{‚''f⁰ss‘,“0’⁸33.
2131 3684 2947 3824 iffssfissy'e‘ssssaefhaeuss‘dcsslofff

928 3829 1111 3892 tando,
1139 3826 1324 3882 which
1362 3845 1411 3880 is
1446 3844 1739 3884 nonsense.
1816 3827 2034 3884 Meusel
2073 3829 2242 3899 (J.B.,
2282 3828 2435 3894 1910,
2472 3845 2528 3899 p.
2556 3826 2647 3896 38)
2677 3827 2940 3886 brackets

928 3898 1029 3954 the
1053 3898 1234 3954 words
1258 3897 1319 3953 in
1345 3899 1612 3969 question
1637 3917 1700 3955 as
1724 3916 1759 3954 a
1784 3898 2070 3970 marginal
2095 3899 2466 3971 explanation
2492 3898 2557 3956 of
2577 3903 2899 3957 territando.

1002 3968 1031 4041 ξ
1056 3970 1107 4025 4.
1145 3969 1243 4026 W.
1272 3969 1509 4027 Nitsche
1537 3971 1623 4041 (Z.
1644 3974 1727 4035 G„
1758 3970 2000 4042 1894,‚p.
2027 3971 2174 4041 779),
2203 3971 2482 4042 referring
2502 3973 2564 4026 to
2593 3972 2658 4025 Β.
2681 3973 2755 4035 C„
2783 3973 2822 4037 i,
2852 3973 2937 4039 77,

926 4040 1037 4167 {2⁹
1062 4041 1143 4107 iii,
1170 4041 1255 4124 47:
1282 4040 1311 4114 ξ
1339 4041 1661 4127 7,supplies
1684 4046 1746 4097 in
1769 4040 1963 4128 before
1988 4044 2220 4107 honorem
2254 4042 2358 4098 but
2383 4042 2446 4096 in
2471 4044 2538 4096 B.
2564 4045 2644 4111 C'.,
2671 4041 2709 4097 i.
2730 4042 2818 4112 33,
2846 4042 2876 4117 ξ
2903 4045 2939 4099 2

971 4131 1130 4169 aesar
1152 4117 1342 4170 writes
1365 4114 1655 4182 Pompeius
1672 4154 1686 4168 .
1709 4155 1722 4168 .
1744 4155 1757 4168 .
1773 4117 1991 4169 dixerat
2014 4117 2223 4169 eodem
2246 4131 2301 4169 ae
2323 4115 2640 4170 habiturum
2663 4116 2816 4183 loco,
2839 4118 2941 4173 &a

929 4185 1035 4241 See
1062 4185 1329 4241 Meusel's
1356 4187 1492 4242 note
1516 4202 1590 4240 on
1614 4185 1713 4240 the
1739 4184 2074 4241 last-named
2101 4202 2359 4257 passage.

1001 4255 1030 4328 ξ
1056 4259 1106 4312 5.
1142 4258 1511 4327 compluribus
1539 4296 1553 4311 .
1577 4298 1591 4311 .
1625 4297 1639 4311 .
1664 4259 1859 4312 causis,
1933 4255 2017 4312 cf.
2043 4258 2131 4322 41,
2162 4255 2192 4330 ξ
2220 4257 2253 4310 5
2279 4257 2394 4312 and
2423 4258 2481 4312 C.
2504 4258 2593 4323 G„
2618 4273 2718 4328 pp.
2741 4257 2941 4317 103—5.

996 4331 1128 4391 eius,
1179 4329 1202 4382 I
1247 4346 1339 4383 am
1381 4345 1526 4393 sure,
1553 4346 1755 4399 agrees
1797 4327 1936 4383 with
1982 4332 2274 4399 opinionis,
2316 4328 2433 4384 and
2475 4327 2697 4385 Meusel
2741 4330 2831 4401 (L.
2856 4333 2942 4400 0.,

929 4397 989 4468 ii,
1017 4399 1146 4467 257)
1171 4417 1371 4470 agrees
1394 4399 1535 4455 with
1564 4416 1671 4455 me.
