3177 5166
908 367 994 431 38
1461 361 1583 427 DE
1628 361 1916 428 BELLO
1962 361 2352 429 GALLICO

912 528 978 593 M
983 528 1457 615 agetobrigam,
1487 526 1768 612 superbe
1799 530 1867 590 et
1895 526 2254 592 crudeliter
2283 525 2626 612 imperare,
2657 527 2917 593 obsides

909 632 1302 699 nobilissimi
1345 631 1664 717 cuiusque
1706 629 1950 695 liberos
1992 652 2258 717 poscere
2303 635 2373 696 et
2416 630 2487 695 in
2531 652 2642 697 eos
2692 633 2918 698 omnia

911 736 1216 823 exempla
1243 735 1705 819 cruciatusque
1734 734 1943 813 edere,
1974 734 2030 800 si
2073 756 2205 821 qua
2239 757 2344 801 res
2383 757 2516 801 non
2548 736 2634 801 ad
2674 741 2914 802 nutum

823 850 884 898 13
910 844 1030 905 aut
1087 839 1174 905 ad
1231 838 1648 906 voluntatem
1719 838 1861 904 eius
1920 838 2098 905 facta
2162 839 2269 905 sit.
2359 829 2717 906 Hominem
2776 862 2917 906 esse

911 944 1286 1023 barbarum,
1338 943 1751 1021 iracundum,
1795 943 2262 1010 temerarium:
2330 965 2465 1009 non
2524 965 2714 1030 posse
2776 944 2918 1010 eius
2945 967 2976 1017 5

822 1058 881 1105 14
909 1050 1190 1136 imperia
1259 1049 1516 1115 diutius
1587 1048 1923 1114 sustineri.
2030 1047 2181 1113 Nisi
2255 1047 2417 1134 quid
2489 1049 2561 1113 in
2635 1048 2918 1117 Caesare

908 1155 1282 1241 populoque
1335 1153 1635 1220 Romano
1682 1153 1773 1218 sit
1819 1152 2072 1230 auxilii,
2120 1152 2427 1218 omnibus
2479 1153 2691 1220 Gallis
2740 1153 2916 1219 idem

910 1280 1051 1324 esse
1123 1257 1501 1324 faciendum
1576 1257 1751 1344 quod
1831 1256 2127 1322 Helvetii
2210 1255 2505 1336 fecerint,
2577 1262 2656 1323 ut
2722 1258 2918 1323 domo

911 1363 1255 1450 emigrent,
1306 1362 1491 1428 aliud
1550 1361 1976 1439 domicilium,
2028 1360 2195 1426 alias
2270 1361 2473 1439 sedes,
2521 1365 2808 1428 remotas
2876 1384 2919 1426 a

911 1468 1277 1548 Germanis,
1315 1469 1553 1553 petant
1599 1466 2090 1552 fortunamque,
2138 1486 2589 1553 quaecumque
2640 1466 2916 1545 accidat,
2946 1490 3008 1538 10

821 1585 883 1634 15
911 1571 1361 1659 experiantur.
1413 1599 1417 1603 ·
1453 1570 1638 1636 Haec
1683 1570 1740 1635 si
1799 1570 2150 1635 enuntiata
2195 1570 2536 1636 Ariovisto
2586 1570 2742 1648 sint,
2782 1593 2917 1637 non

909 1676 1218 1743 dubitare
1269 1676 1430 1762 quin
1482 1674 1565 1741 de
1616 1673 1924 1740 omnibus
1973 1674 2315 1754 obsidibus
2366 1675 2481 1762 qui
2534 1675 2712 1762 apud
2765 1698 2916 1742 eum

821 1798 883 1845 16
909 1782 1048 1848 sint
1103 1780 1572 1869 gravissimum
1626 1778 2022 1866 supplicium
2075 1788 2315 1845 sumat.
2405 1778 2755 1846 Caesarem
2808 1781 2913 1847 vel

911 1885 1310 1951 auctoritate
1367 1906 1489 1950 sua
1536 1888 1741 1970 atque
1792 1886 2125 1949 exercitus
2177 1884 2283 1948 vel
2337 1884 2585 1950 recenti
2637 1884 2920 1951 victoria

910 1989 1019 2055 vel
1058 1989 1325 2055 nomine
1370 1988 1599 2076 populi
1640 1988 1923 2053 Romani
1968 1986 2301 2053 deterrere
2345 2010 2535 2075 posse
2579 2011 2664 2055 ne
2708 1989 2920 2055 maior
2944 2014 3009 2063 15

910 2093 1272 2159 multitudo
1303 2094 1783 2159 Germanorum
1816 2091 2121 2157 Rhenum
2161 2091 2570 2171 traducatur,
2603 2092 2917 2159 Galliam-

910 2221 1038 2285 que
1068 2220 1330 2264 omnem
1360 2198 1446 2262 ab
1476 2196 1801 2263 Ariovisti
1831 2196 2078 2261 iniuria
2107 2218 2296 2283 posse
2328 2196 2702 2262 defendere.

788 2318 881 2375 32
1002 2303 1147 2369 Hac
1169 2303 1470 2369 oratione
1492 2301 1578 2366 ab
1603 2301 1946 2368 Diviciaco
1968 2301 2201 2368 habita
2235 2324 2462 2368 omnes
2492 2302 2607 2389 qui
2637 2301 2920 2368 aderant

911 2430 1153 2496 magno
1211 2409 1374 2473 fletu
1435 2407 1762 2472 auxilium
1822 2429 1865 2472 a
1916 2405 2199 2472 Caesare
2258 2412 2482 2493 petere
2540 2412 2919 2495 coeperunt.

854 2534 885 2580 2
911 2513 1410 2578 Animadvertit
1442 2509 1686 2577 Caesar
1714 2532 1881 2576 unos
1916 2534 1998 2577 ex
2031 2511 2337 2577 omnibus
2369 2513 2709 2599 Sequanos
2747 2513 2918 2577 nihil
2944 2538 3013 2587 20

909 2640 1135 2685 earum
1185 2639 1407 2682 rerum
1453 2617 1670 2682 facere
1715 2638 1881 2702 quas
1932 2617 2133 2683 ceteri
2182 2616 2480 2683 facerent
2529 2617 2645 2683 sed
2692 2617 2919 2683 tristes

909 2722 1127 2809 capite
1171 2720 1456 2787 demisso
1501 2724 1749 2786 terram
1793 2720 2059 2785 intueri.
2151 2720 2311 2785 Eius
2362 2721 2458 2786 rei
2502 2742 2672 2808 quae
2720 2743 2920 2787 causa

856 2842 886 2889 3
911 2830 1084 2891 esset
1142 2825 1424 2890 miratus
1476 2847 1559 2890 ex
1611 2824 1773 2910 ipsis
1834 2824 2135 2911 quaesiit.
2224 2823 2415 2890 Nihil
2470 2826 2762 2912 Sequani
2814 2848 2915 2891 re·

910 2929 1248 3017 spondere,
1300 2928 1414 2995 sed
1472 2929 1542 2992 in
1614 2929 1844 2994 eadem
1915 2929 2199 2995 tristitia
2263 2929 2451 2996 taciti
2517 2952 2919 3017 permanere.

911 3035 1083 3102 Cum
1132 3035 1219 3100 ab
1271 3034 1377 3099 his
1427 3033 1693 3120 saepius
1744 3039 2092 3119 quaereret
2142 3057 2356 3121 neque
2399 3035 2606 3101 ullam
2651 3036 2920 3102 omnino
2946 3055 3011 3104 25

983 3209 1169 3263 omnia
1198 3209 1443 3277 exempla
1469 3210 1842 3277 cruciatusque
1867 3205 1914 3261 is
1938 3210 2041 3263 not
2077 3224 2113 3261 a
2136 3205 2451 3279 hendiadys
2476 3230 2490 3275 ;
2531 3206 2651 3275 but,
2676 3225 2825 3263 exem
2865 3211 2921 3263 la

911 3279 1087 3350 being
1109 3296 1145 3333 a
1169 3278 1405 3349 general
1435 3279 1608 3345 word,
1634 3283 1910 3333 ‹et-tacimus
1930 3276 1981 3333 is
2006 3278 2205 3346 added,
2232 3283 2293 3335 to
2319 3279 2485 3335 make
2511 3278 2560 3336 it
2584 3279 2739 3335 clear
2766 3299 2816 3334 w
2857 3284 2919 3335 at

912 3350 1053 3406 kind
1102 3351 1167 3406 of
1209 3353 1450 3421 exempla
1494 3348 1810 3406 Ariovistus
1858 3348 2132 3406 inflicted.
2221 3352 2494 3421 Exempla
2540 3367 2734 3406 means
2781 3352 2919 3407 such

914 3421 1313 3521 punishments
1344 3439 1407 3477 as
1427 3420 1614 3477 would
1639 3421 1707 3476 be
1745 3439 1781 3477 a
1804 3420 2066 3493 warning
2088 3423 2150 3477 to
2188 3422 2408 3479 others:
2457 3438 2519 3478 so
2545 3439 2628 3479 we
2662 3423 2837 3494 speak
2862 3424 2927 3480 of

948 3492 1280 3565 exemplary
1303 3492 1674 3564 punishment
1690 3494 1722 3548 ⁹.

987 3563 1050 3636 §§
1080 3565 1271 3620 12-16.
1342 3564 1461 3622 The
1504 3564 1813 3635 secondary
1852 3568 2041 3622 tenses
2078 3564 2144 3623 of
2179 3567 2277 3621 the
2320 3563 2701 3634 subjunctive,
2734 3566 2918 3621 which

915 3655 1097 3701 occur,
1127 3636 1440 3708 according
1463 3639 1525 3692 to
1552 3636 1691 3702 rule,
1709 3635 1768 3691 in
1793 3635 1854 3709 §§
1882 3637 2020 3692 3-11
2050 3636 2277 3709 (except
2303 3637 2363 3691 in
2392 3637 2516 3709 §8),
2539 3655 2633 3694 are
2659 3636 2922 3694 followed

916 3709 978 3763 in
1023 3709 1182 3765 these
1231 3707 1343 3763 last
1385 3709 1489 3765 five
1539 3712 1842 3764 sentences
1889 3708 1964 3780 by
2008 3709 2261 3780 primary
2299 3712 2486 3765 tenses
2532 3710 2600 3765 of
2642 3710 2741 3765 the
2790 3710 2922 3764 sub-

908 3779 1189 3851 junctive,
1230 3779 1413 3835 which
1456 3797 1553 3835 are
1599 3780 1708 3835 due
1752 3783 1812 3835 to
1853 3780 1954 3836 the
1996 3783 2221 3851 present
2269 3779 2599 3851 infinitives,
2634 3784 2922 3851 imperare,

909 3871 1139 3923 poscere,
1167 3854 1267 3908 &c-
1345 3850 1662 3907 Diviciacus
1685 3868 1798 3905 was
1824 3852 1956 3908 here
1989 3851 2269 3924 speaking
2294 3852 2356 3908 of
2376 3853 2530 3909 what
2553 3853 2666 3908 had
2696 3856 2927 3922 reeently

916 3924 1247 4066 Ιιεηίρειξξᾶὸ
1262 3923 1373 3978 and
1411 3923 1477 3979 of
1507 3922 1661 3979 what
1697 3941 1810 3978 was
1852 3924 2102 3995 actually
2135 3923 2318 3996 going
2353 3942 2443 3981 on.
2517 3924 2622 3980 See
2657 3923 2754 3980 the
2787 3928 2922 3981 note

915 4014 986 4051 on
1045 3997 1097 4062 4,
1250 3997 1335 4051 -6.
1942 3992 1953 4005 '

989 4065 1018 4139 ξ
1050 4066 1133 4120 12.
1206 4068 1409 4122 obsides
1446 4108 1458 4121 .
1499 4109 1513 4123 .
1551 4104 1565 4120 .
1592 4069 1752 4135 facta
1787 4070 1860 4121 sit
1899 4066 2160 4139 explains
2200 4069 2420 4139 superbe
2459 4108 2473 4124 .
2521 4108 2535 4122 .
2579 4108 2593 4123 .
2634 4070 2922 4138 imperare,

915 4139 1029 4195 and
1088 4137 1289 4193 should
1350 4139 1419 4194 be
1468 4137 1784 4194 translated
1837 4139 1913 4209 by
1961 4156 1997 4194 a
2044 4138 2378 4212 participial
2429 4139 2619 4195 clause
2641 4139 2925 4195 :—‘Ario-

916 4208 1094 4265 vistus
1139 4250 1152 4264 .
1193 4251 1208 4265 .
1241 4252 1253 4265 .
1300 4227 1415 4266 was
1456 4208 1777 4282 exercising
1819 4210 1907 4265 his
1950 4211 2239 4282 authority
2280 4210 2421 4267 with
2463 4228 2591 4267 arro
2706 4228 2770 4266 ce
2808 4212 2925 4266 and

916 4281 1153 4408 lcli-uelty,
1192 4280 1548 4352 demanding
1584 4281 1733 4337 from
1769 4298 1933 4353 every
1971 4301 2102 4338 man
2141 4283 2204 4339 of
2242 4284 2385 4338 rank
2426 4282 2516 4337 his
2558 4301 2587 4339 c
2633 4282 2820 4339 ildren
2862 4300 2926 4337 as

958 4370 1019 4407 os
1206 4353 1219 4375 '

1023 4355 1198 4478 tages,
1246 4356 1347 4409 Sec.

990 4423 1017 4495 ξ
1052 4426 1075 4479 1
1121 4466 1132 4479 .
1172 4433 1246 4480 ut.
1320 4425 1421 4480 Sec
1447 4424 1547 4481 the
1573 4427 1708 4481 note
1735 4443 1808 4481 on
1836 4426 1889 4491 5,
1918 4424 1947 4498 ξ
1978 4426 2023 4482 1.

3167 1315 3170 1448 l
