3177 5166
947 320 1077 384 270
1510 315 1634 382 DE
1679 315 1968 383 BELLO
2012 315 2406 385 GALLIGO

945 482 1200 566 peteret
1230 501 1364 546 non
1392 480 1642 547 maiore
1671 479 1974 567 equitum
2004 479 2334 566 praesidio
2375 501 2574 566 quam
2605 478 2781 560 1111,
2813 480 2965 566 qui-

945 584 1070 650 bus
1099 583 1256 650 solis
1286 584 1497 650 vitam
1529 606 1719 650 suam
1749 584 2162 651 committere
2191 583 2498 651 audebat.
3113 478 3119 725 4

493 704 794 755 Exeoution
819 704 922 761 44
1032 688 1179 753 Tali
1238 689 1435 755 modo
1492 689 1778 755 vastatis
1840 689 2238 776 regionibus,
2285 688 2651 754 exercitum
2709 686 2968 754 Caesar

493 772 552 819 ⁰¹
569 771 728 823 ‘4⁰⁰⁰‘
946 792 1230 858 duarum
1290 793 1664 861 cohortium
1721 793 1966 859 damno
2016 793 2539 859 Durocortorum
2596 792 2964 858 Remorum

946 896 1246 976 deduxit,
1277 897 1685 983 concilioque
1730 897 1801 961 in
1846 920 1996 963 eum
2036 897 2253 963 locum
2283 894 2537 961 Galliae
2577 895 2834 962 indicto
2877 896 2964 963 de
2989 943 3018 991 5
3118 890 3120 969 ζ

946 1001 1399 1067 coniuratione
1447 1001 1784 1067 Senonum
1830 1006 1898 1068 et
1928 1001 2303 1069 Carnutum
2348 1001 2802 1087 quaestionem
2843 1002 2964 1067 ha·-

890 1117 921 1165 2
949 1104 1099 1170 bere
1143 1105 1445 1172 instituit
1484 1109 1553 1172 et
1593 1107 1676 1172 de
1707 1107 1981 1186 Accone,
2012 1106 2127 1192 qui
2167 1106 2473 1193 princeps
2512 1106 2655 1171 eius
2696 1106 2962 1171 consilii

946 1209 1185 1289 fuerat,
1215 1211 1524 1297 graviore
1563 1211 1899 1277 sententia
1936 1210 2372 1297 pronuntiata
2409 1231 2593 1277 more
2628 1210 2962 1276 maiorum

890 1335 919 1381 3
945 1314 1341 1400 supplicium
1387 1315 1692 1402 sumpsit.
1782 1314 1940 1381 Non
1985 1315 2154 1381 nulli
2196 1314 2516 1381 iudicium
2563 1315 2760 1379 veriti
2811 1335 2963 1400 pro-

948 1418 1288 1504 fugerunt.
1374 1420 1634 1500 Quibus
1673 1442 1824 1485 cum
1853 1441 2029 1506 aqua
2068 1424 2270 1505 atque
2309 1418 2452 1505 igni
2482 1418 2964 1499 interdixisset,
2991 1471 3046 1515 ¹⁰

947 1523 1114 1588 duas
1159 1523 1449 1610 legiones
1492 1525 1579 1589 ad
1623 1525 1790 1590 fines
1825 1524 2283 1605 Treverorum,
2312 1523 2481 1587 duas
2524 1523 2596 1587 in
2642 1523 2962 1610 Lingoni-

946 1628 1086 1706 bus,
1139 1650 1258 1693 sex
1316 1629 1605 1715 reliquas
1663 1630 1733 1694 in
1795 1628 2132 1695 Senonum
2196 1627 2443 1693 finibus
2499 1627 2826 1714 Agedinci
2891 1630 2962 1693 iu

946 1733 1242 1797 hibernis
1280 1733 1652 1800 conlocavit
1687 1734 2153 1819 frumentoque
2195 1731 2519 1798 exercitui
2560 1733 2853 1817 provisu,
2883 1739 2964 1797 ut

945 1837 1348 1916 instituerat,
1385 1838 1457 1902 in
1496 1837 1766 1904 Italiam
1811 1837 1898 1902 ad
1942 1842 2309 1903 conventus
2354 1835 2648 1922 agendos
2693 1837 2962 1921 profec-

945 1946 1057 2006 tus
1101 1947 1220 2010 est.
2992 1996 3048 2043 15

1013 2081 1119 2145 44,
1147 2079 1176 2152 ξ
1207 2082 1254 2138 1.
1290 2081 1663 2136 coniuratione
1687 2120 1700 2134 .
1726 2120 1739 2133 .
1767 2122 1781 2137 .
1812 2081 2137 2135 Carnutum.
2205 2077 2292 2133 cf.
2317 2077 2408 2134 ch.
2431 2077 2485 2132 4.

1016 2149 1045 2216 δ
1072 2151 1125 2207 2.
1162 2170 1308 2206 more
1332 2154 1619 2207 maiorum.
1690 2152 1840 2206 Acco
1865 2168 1979 2206 was
2003 2151 2118 2221 flog
2158 2150 2228 2206 ed
2252 2153 2313 2206 to
2338 2148 2532 2205 death.

1014 2211 1045 2294 ξ
1072 2224 1122 2277 3.
1147 2226 1294 2290 fines
1324 2223 1476 2287 here,
1505 2241 1564 2278 as
1598 2223 1659 2277 in
1685 2241 1731 2288 v,
1756 2223 1844 2289 26,
1875 2220 1905 2295 ξ
1932 2223 1982 2289 2,
2011 2223 2100 2289 46,
2186 2223 2238 2289 4,
2269 2221 2382 2277 and
2406 2223 2495 2290 54,
2523 2218 2553 2293 ξ
2578 2220 2633 2289 2,
2659 2220 2970 2295 evidently

944 2311 1142 2349 means
1167 2296 1181 2322 ‘
1199 2295 1438 2350 frontier
1454 2294 1489 2350 '.
