<?xml version="1.0" encoding="UTF-8"?>
<!DOCTYPE html PUBLIC "-//W3C//DTD XHTML 1.0 Transitional//EN"
    "http://www.w3.org/TR/xhtml1/DTD/xhtml1-transitional.dtd">
<html xmlns="http://www.w3.org/1999/xhtml" xml:lang="en" lang="en">
 <head>
  <title>
</title>
<meta http-equiv="Content-Type" content="text/html;charset=utf-8" />
  <meta name='ocr-system' content='tesseract 3.04.00' />
  <meta name='ocr-capabilities' content='ocr_page ocr_carea ocr_par ocr_line ocrx_word'/>
</head>
<body>
  <div class='ocr_page' id='page_1' title='image "./ciulicaesarisco00caesgoog/ciulicaesarisco00caesgoog_0459.png"; bbox 0 0 3177 5166; ppageno 0'>
   <div class='ocr_carea' id='block_1_1' title="bbox 783 298 2269 365">
    <p class='ocr_par' dir='ltr' id='par_1_1' title="bbox 783 298 2269 365">
     <span class='ocr_line' id='line_1_1' title="bbox 783 298 2269 365; baseline -0.001 0"><span class='ocrx_word' id='word_1_1' title='bbox 783 298 1510 365; x_wconf 86' lang='lat' dir='ltr'><strong>COMMENTARIUS</strong></span> <span class='ocrx_word' id='word_1_2' title='bbox 1557 298 1733 364; x_wconf 91' lang='lat' dir='ltr'><strong>VIII</strong></span> <span class='ocrx_word' id='word_1_3' title='bbox 2142 298 2269 363; x_wconf 83' lang='lat'><strong>367</strong></span> 
     </span>
    </p>
   </div>
   <div class='ocr_carea' id='block_1_2' title="bbox 152 461 2689 3379">
    <p class='ocr_par' dir='ltr' id='par_1_2' title="bbox 152 461 2689 3379">
     <span class='ocr_line' id='line_1_2' title="bbox 257 461 2274 551; baseline -0 -25"><span class='ocrx_word' id='word_1_4' title='bbox 257 483 473 548; x_wconf 90' lang='lat' dir='ltr'><strong>nuper</strong></span> <span class='ocrx_word' id='word_1_5' title='bbox 543 462 719 526; x_wconf 84' lang='lat' dir='ltr'><strong>enirn</strong></span> <span class='ocrx_word' id='word_1_6' title='bbox 779 463 1025 529; x_wconf 91' lang='lat' dir='ltr'><strong>devicti</strong></span> <span class='ocrx_word' id='word_1_7' title='bbox 1086 464 1428 551; x_wconf 89' lang='lat' dir='ltr'><strong>complura</strong></span> <span class='ocrx_word' id='word_1_8' title='bbox 1486 463 1734 550; x_wconf 90' lang='lat' dir='ltr'><strong>oppida</strong></span> <span class='ocrx_word' id='word_1_9' title='bbox 1797 461 2157 526; x_wconf 88' lang='lat' dir='ltr'><strong>amiserant</strong></span> <span class='ocrx_word' id='word_1_10' title='bbox 2186 499 2274 509; x_wconf 92' lang='lat'><strong>—</strong></span> 
     </span>
     <span class='ocr_line' id='line_1_3' title="bbox 256 565 2329 655; baseline -0 -25"><span class='ocrx_word' id='word_1_11' title='bbox 256 566 538 653; x_wconf 87' lang='lat' dir='ltr'><strong>dispersi</strong></span> <span class='ocrx_word' id='word_1_12' title='bbox 589 567 1003 655; x_wconf 70' lang='lat' dir='ltr'><strong>profugiunt.</strong></span> <span class='ocrx_word' id='word_1_13' title='bbox 1095 569 1339 634; x_wconf 84' lang='lat' dir='ltr'><strong>Caesar</strong></span> <span class='ocrx_word' id='word_1_14' title='bbox 1389 574 1812 654; x_wconf 70' lang='lat' dir='ltr'><strong>erumpentes</strong></span> <span class='ocrx_word' id='word_1_15' title='bbox 1855 589 1934 632; x_wconf 91' lang='lat' dir='ltr'><strong>eo</strong></span> <span class='ocrx_word' id='word_1_16' title='bbox 1984 565 2272 630; x_wconf 81' lang='lat' dir='ltr'><strong>maxime</strong></span> <span class='ocrx_word' id='word_1_17' title='bbox 2298 581 2329 629; x_wconf 82' lang='lat'><strong>2</strong></span> 
     </span>
     <span class='ocr_line' id='line_1_4' title="bbox 258 670 2273 762; baseline -0.001 -25"><span class='ocrx_word' id='word_1_18' title='bbox 258 678 557 759; x_wconf 90' lang='lat' dir='ltr'><strong>tempore</strong></span> <span class='ocrx_word' id='word_1_19' title='bbox 614 673 971 739; x_wconf 87' lang='lat' dir='ltr'><strong>acerrimas</strong></span> <span class='ocrx_word' id='word_1_20' title='bbox 1037 678 1467 762; x_wconf 85' lang='lat' dir='ltr'><strong>tempestates</strong></span> <span class='ocrx_word' id='word_1_21' title='bbox 1531 695 1684 740; x_wconf 90' lang='lat' dir='ltr'><strong>cum</strong></span> <span class='ocrx_word' id='word_1_22' title='bbox 1743 672 1965 737; x_wconf 88' lang='lat' dir='ltr'><strong>subire</strong></span> <span class='ocrx_word' id='word_1_23' title='bbox 2025 670 2273 735; x_wconf 87' lang='lat' dir='ltr'><strong>milites</strong></span> 
     </span>
     <span class='ocr_line' id='line_1_5' title="bbox 256 776 2271 865; baseline -0.001 -24"><span class='ocrx_word' id='word_1_24' title='bbox 256 776 484 856; x_wconf 89' lang='lat' dir='ltr'><strong>nollet,</strong></span> <span class='ocrx_word' id='word_1_25' title='bbox 515 776 588 841; x_wconf 90' lang='lat' dir='ltr'><strong>in</strong></span> <span class='ocrx_word' id='word_1_26' title='bbox 617 777 861 865; x_wconf 91' lang='lat' dir='ltr'><strong>oppido</strong></span> <span class='ocrx_word' id='word_1_27' title='bbox 892 777 1268 845; x_wconf 88' lang='lat' dir='ltr'><strong>Carnutum</strong></span> <span class='ocrx_word' id='word_1_28' title='bbox 1300 779 1566 845; x_wconf 80' lang='lat' dir='ltr'>Cenabo</span> <span class='ocrx_word' id='word_1_29' title='bbox 1597 782 1817 843; x_wconf 88' lang='lat' dir='ltr'><strong>castra</strong></span> <span class='ocrx_word' id='word_1_30' title='bbox 1849 776 2050 863; x_wconf 91' lang='lat' dir='ltr'><strong>ponit·</strong></span> <span class='ocrx_word' id='word_1_31' title='bbox 2068 780 2271 861; x_wconf 86' lang='lat' dir='ltr'><strong>atque</strong></span> 
     </span>
     <span class='ocr_line' id='line_1_6' title="bbox 192 880 2271 970; baseline -0 -25"><span class='ocrx_word' id='word_1_32' title='bbox 192 896 228 945; x_wconf 81' lang='lat'><strong>6</strong></span> <span class='ocrx_word' id='word_1_33' title='bbox 257 882 330 946; x_wconf 92' lang='lat' dir='ltr'><strong>in</strong></span> <span class='ocrx_word' id='word_1_34' title='bbox 375 885 553 948; x_wconf 88' lang='lat' dir='ltr'><strong>tecta</strong></span> <span class='ocrx_word' id='word_1_35' title='bbox 596 882 842 968; x_wconf 90' lang='lat' dir='ltr'><strong>partim</strong></span> <span class='ocrx_word' id='word_1_36' title='bbox 880 883 1242 961; x_wconf 79' lang='lat' dir='ltr'><strong>Gallorum,</strong></span> <span class='ocrx_word' id='word_1_37' title='bbox 1272 884 1520 970; x_wconf 89' lang='lat' dir='ltr'><strong>partim</strong></span> <span class='ocrx_word' id='word_1_38' title='bbox 1568 904 1737 969; x_wconf 89' lang='lat' dir='ltr'><strong>quae</strong></span> <span class='ocrx_word' id='word_1_39' title='bbox 1772 881 2064 949; x_wconf 73' lang='lat' dir='ltr'><strong>collectis</strong></span> <span class='ocrx_word' id='word_1_40' title='bbox 2106 880 2271 946; x_wconf 88' lang='lat' dir='ltr'><strong>cele·</strong></span> 
     </span>
     <span class='ocr_line' id='line_1_7' title="bbox 256 983 2272 1075; baseline -0 -25"><span class='ocrx_word' id='word_1_41' title='bbox 256 986 425 1051; x_wconf 92' lang='lat' dir='ltr'><strong>riter</strong></span> <span class='ocrx_word' id='word_1_42' title='bbox 481 987 867 1052; x_wconf 90' lang='lat' dir='ltr'><strong>stramentis</strong></span> <span class='ocrx_word' id='word_1_43' title='bbox 926 987 1395 1075; x_wconf 86' lang='lat' dir='ltr'><strong>[tentoriorum</strong></span> <span class='ocrx_word' id='word_1_44' title='bbox 1455 987 1964 1075; x_wconf 74' lang='lat' dir='ltr'><strong>integendorum</strong></span> <span class='ocrx_word' id='word_1_45' title='bbox 2022 983 2272 1073; x_wconf 87' lang='lat' dir='ltr'><strong>gratia]</strong></span> 
     </span>
     <span class='ocr_line' id='line_1_8' title="bbox 256 1091 2329 1180; baseline 0.001 -23"><span class='ocrx_word' id='word_1_46' title='bbox 256 1096 454 1158; x_wconf 89' lang='lat' dir='ltr'><strong>erant</strong></span> <span class='ocrx_word' id='word_1_47' title='bbox 496 1091 936 1171; x_wconf 85' lang='lat' dir='ltr'><strong>inaedificata,</strong></span> <span class='ocrx_word' id='word_1_48' title='bbox 974 1092 1222 1159; x_wconf 80' lang='lat' dir='ltr'><strong>milites</strong></span> <span class='ocrx_word' id='word_1_49' title='bbox 1277 1093 1628 1180; x_wconf 83' lang='lat' dir='ltr'><strong>compegit.</strong></span> <span class='ocrx_word' id='word_1_50' title='bbox 1718 1092 1996 1178; x_wconf 81' lang='lat' dir='ltr'><strong>Equites</strong></span> <span class='ocrx_word' id='word_1_51' title='bbox 2046 1096 2271 1156; x_wconf 87' lang='lat' dir='ltr'><strong>tamen</strong></span> <span class='ocrx_word' id='word_1_52' title='bbox 2299 1110 2329 1159; x_wconf 83' lang='lat'><strong>3</strong></span> 
     </span>
     <span class='ocr_line' id='line_1_9' title="bbox 255 1195 2271 1285; baseline 0 -23"><span class='ocrx_word' id='word_1_53' title='bbox 255 1201 329 1262; x_wconf 89' lang='lat' dir='ltr'><strong>et</strong></span> <span class='ocrx_word' id='word_1_54' title='bbox 357 1195 744 1263; x_wconf 78' lang='lat' dir='ltr'><strong>auxiliarios</strong></span> <span class='ocrx_word' id='word_1_55' title='bbox 796 1197 1055 1283; x_wconf 89' lang='lat' dir='ltr'><strong>pedites</strong></span> <span class='ocrx_word' id='word_1_56' title='bbox 1107 1197 1178 1262; x_wconf 93' lang='lat' dir='ltr'><strong>in</strong></span> <span class='ocrx_word' id='word_1_57' title='bbox 1231 1220 1459 1264; x_wconf 89' lang='lat' dir='ltr'><strong>omnes</strong></span> <span class='ocrx_word' id='word_1_58' title='bbox 1516 1201 1742 1285; x_wconf 86' lang='lat' dir='ltr'><strong>partes</strong></span> <span class='ocrx_word' id='word_1_59' title='bbox 1801 1196 2034 1274; x_wconf 91' lang='lat' dir='ltr'><strong>mittit,</strong></span> <span class='ocrx_word' id='word_1_60' title='bbox 2077 1217 2271 1281; x_wconf 90' lang='lat' dir='ltr'><strong>quas·</strong></span> 
     </span>
     <span class='ocr_line' id='line_1_10' title="bbox 255 1301 2271 1389; baseline -0.001 -22"><span class='ocrx_word' id='word_1_61' title='bbox 255 1323 539 1387; x_wconf 91' lang='lat' dir='ltr'><strong>cumque</strong></span> <span class='ocrx_word' id='word_1_62' title='bbox 578 1301 823 1389; x_wconf 91' lang='lat' dir='ltr'><strong>petisse</strong></span> <span class='ocrx_word' id='word_1_63' title='bbox 866 1302 1261 1370; x_wconf 84' lang='lat' dir='ltr'><strong>dicebantur</strong></span> <span class='ocrx_word' id='word_1_64' title='bbox 1300 1303 1560 1384; x_wconf 89' lang='lat' dir='ltr'><strong>hostes;</strong></span> <span class='ocrx_word' id='word_1_65' title='bbox 1612 1324 1733 1369; x_wconf 90' lang='lat' dir='ltr'><strong>nec</strong></span> <span class='ocrx_word' id='word_1_66' title='bbox 1775 1303 2063 1369; x_wconf 87' lang='lat' dir='ltr'><strong>frustra:</strong></span> <span class='ocrx_word' id='word_1_67' title='bbox 2115 1323 2271 1365; x_wconf 87' lang='lat' dir='ltr'><strong>nam</strong></span> 
     </span>
     <span class='ocr_line' id='line_1_11' title="bbox 152 1407 2268 1495; baseline 0.001 -26"><span class='ocrx_word' id='word_1_68' title='bbox 152 1422 228 1469; x_wconf 90' lang='lat'><strong>10</strong></span> <span class='ocrx_word' id='word_1_69' title='bbox 254 1407 647 1493; x_wconf 87' lang='lat' dir='ltr'><strong>plerumque</strong></span> <span class='ocrx_word' id='word_1_70' title='bbox 697 1429 942 1495; x_wconf 82' lang='lat' dir='ltr'><strong>magna</strong></span> <span class='ocrx_word' id='word_1_71' title='bbox 993 1408 1243 1494; x_wconf 91' lang='lat' dir='ltr'><strong>praeda</strong></span> <span class='ocrx_word' id='word_1_72' title='bbox 1302 1407 1500 1494; x_wconf 87' lang='lat' dir='ltr'><strong>potiti</strong></span> <span class='ocrx_word' id='word_1_73' title='bbox 1551 1407 1766 1473; x_wconf 90' lang='lat' dir='ltr'><strong>nostri</strong></span> <span class='ocrx_word' id='word_1_74' title='bbox 1819 1409 2268 1473; x_wconf 85' lang='lat' dir='ltr'><strong>revertuntur.</strong></span> 
     </span>
     <span class='ocr_line' id='line_1_12' title="bbox 257 1509 2327 1599; baseline -0 -24"><span class='ocrx_word' id='word_1_75' title='bbox 257 1510 573 1598; x_wconf 89' lang='lat' dir='ltr'><strong>Oppressi</strong></span> <span class='ocrx_word' id='word_1_76' title='bbox 606 1510 937 1578; x_wconf 82' lang='lat' dir='ltr'><strong>Carnutes</strong></span> <span class='ocrx_word' id='word_1_77' title='bbox 977 1512 1217 1579; x_wconf 89' lang='lat' dir='ltr'><strong>hiemis</strong></span> <span class='ocrx_word' id='word_1_78' title='bbox 1245 1513 1655 1590; x_wconf 86' lang='lat' dir='ltr'><strong>difficultate,</strong></span> <span class='ocrx_word' id='word_1_79' title='bbox 1683 1516 1937 1578; x_wconf 90' lang='lat' dir='ltr'><strong>terrore</strong></span> <span class='ocrx_word' id='word_1_80' title='bbox 1976 1509 2272 1599; x_wconf 90' lang='lat' dir='ltr'><strong>periculi,</strong></span> <span class='ocrx_word' id='word_1_81' title='bbox 2298 1519 2327 1567; x_wconf 82' lang='lat'>4</span> 
     </span>
     <span class='ocr_line' id='line_1_13' title="bbox 254 1616 2271 1706; baseline -0 -24"><span class='ocrx_word' id='word_1_82' title='bbox 254 1637 407 1682; x_wconf 90' lang='lat' dir='ltr'><strong>cum</strong></span> <span class='ocrx_word' id='word_1_83' title='bbox 444 1616 640 1682; x_wconf 88' lang='lat' dir='ltr'><strong>tectis</strong></span> <span class='ocrx_word' id='word_1_84' title='bbox 680 1617 939 1706; x_wconf 83' lang='lat' dir='ltr'><strong>expulsi</strong></span> <span class='ocrx_word' id='word_1_85' title='bbox 985 1618 1171 1685; x_wconf 91' lang='lat' dir='ltr'><strong>nullo</strong></span> <span class='ocrx_word' id='word_1_86' title='bbox 1211 1618 1353 1685; x_wconf 90' lang='lat' dir='ltr'><strong>loco</strong></span> <span class='ocrx_word' id='word_1_87' title='bbox 1383 1617 1642 1683; x_wconf 89' lang='lat' dir='ltr'><strong>diutius</strong></span> <span class='ocrx_word' id='word_1_88' title='bbox 1670 1617 2027 1684; x_wconf 83' lang='lat' dir='ltr'><strong>consistere</strong></span> <span class='ocrx_word' id='word_1_89' title='bbox 2071 1616 2271 1681; x_wconf 91' lang='lat' dir='ltr'><strong>aude-</strong></span> 
     </span>
     <span class='ocr_line' id='line_1_14' title="bbox 255 1720 2272 1809; baseline 0.001 -25"><span class='ocrx_word' id='word_1_90' title='bbox 255 1724 410 1786; x_wconf 87' lang='lat' dir='ltr'><strong>rent</strong></span> <span class='ocrx_word' id='word_1_91' title='bbox 449 1743 569 1787; x_wconf 91' lang='lat' dir='ltr'><strong>nec</strong></span> <span class='ocrx_word' id='word_1_92' title='bbox 613 1720 932 1786; x_wconf 81' lang='lat' dir='ltr'><strong>silvarum</strong></span> <span class='ocrx_word' id='word_1_93' title='bbox 978 1722 1310 1809; x_wconf 86' lang='lat' dir='ltr'><strong>praesidio</strong></span> <span class='ocrx_word' id='word_1_94' title='bbox 1351 1722 1862 1809; x_wconf 89' lang='lat' dir='ltr'><strong>tempestatibus</strong></span> <span class='ocrx_word' id='word_1_95' title='bbox 1899 1721 2272 1787; x_wconf 89' lang='lat' dir='ltr'><strong>durissimis</strong></span> 
     </span>
     <span class='ocr_line' id='line_1_15' title="bbox 256 1825 2271 1914; baseline 0 -24"><span class='ocrx_word' id='word_1_96' title='bbox 256 1825 394 1912; x_wconf 88' lang='lat' dir='ltr'><strong>tegi</strong></span> <span class='ocrx_word' id='word_1_97' title='bbox 454 1830 741 1912; x_wconf 89' lang='lat' dir='ltr'><strong>possent,</strong></span> <span class='ocrx_word' id='word_1_98' title='bbox 794 1827 1076 1914; x_wconf 89' lang='lat' dir='ltr'><strong>dispersi</strong></span> <span class='ocrx_word' id='word_1_99' title='bbox 1135 1849 1382 1914; x_wconf 86' lang='lat' dir='ltr'><strong>magna</strong></span> <span class='ocrx_word' id='word_1_100' title='bbox 1438 1832 1631 1914; x_wconf 88' lang='lat' dir='ltr'><strong>parte</strong></span> <span class='ocrx_word' id='word_1_101' title='bbox 1700 1828 1944 1893; x_wconf 90' lang='lat' dir='ltr'><strong>amissa</strong></span> <span class='ocrx_word' id='word_1_102' title='bbox 2000 1848 2271 1892; x_wconf 89' lang='lat' dir='ltr'><strong>suorum</strong></span> 
     </span>
     <span class='ocr_line' id='line_1_16' title="bbox 154 1929 1478 2017; baseline 0.005 -24"><span class='ocrx_word' id='word_1_103' title='bbox 154 1944 228 1993; x_wconf 84' lang='lat'><strong>15</strong></span> <span class='ocrx_word' id='word_1_104' title='bbox 256 1929 670 2017; x_wconf 86' lang='lat' dir='ltr'><strong>dissipantur</strong></span> <span class='ocrx_word' id='word_1_105' title='bbox 697 1931 770 1995; x_wconf 92' lang='lat' dir='ltr'><strong>in</strong></span> <span class='ocrx_word' id='word_1_106' title='bbox 798 1932 1121 1997; x_wconf 88' lang='lat' dir='ltr'><strong>finitimas</strong></span> <span class='ocrx_word' id='word_1_107' title='bbox 1149 1932 1478 2000; x_wconf 65' lang='lat' dir='ltr'><strong>civitates</strong></span> 
     </span>
     <span class='ocr_line' id='line_1_17' title="bbox 346 2033 2689 2123; baseline 0.001 -22"><span class='ocrx_word' id='word_1_108' title='bbox 346 2033 594 2101; x_wconf 84' lang='lat' dir='ltr'><strong>Caesar</strong></span> <span class='ocrx_word' id='word_1_109' title='bbox 633 2040 929 2123; x_wconf 90' lang='lat' dir='ltr'><strong>tempore</strong></span> <span class='ocrx_word' id='word_1_110' title='bbox 968 2036 1130 2102; x_wconf 92' lang='lat' dir='ltr'><strong>anni</strong></span> <span class='ocrx_word' id='word_1_111' title='bbox 1166 2036 1568 2114; x_wconf 89' lang='lat' dir='ltr'><strong>difficillimo,</strong></span> <span class='ocrx_word' id='word_1_112' title='bbox 1601 2058 1752 2102; x_wconf 89' lang='lat' dir='ltr'><strong>cum</strong></span> <span class='ocrx_word' id='word_1_113' title='bbox 1794 2035 1960 2102; x_wconf 88' lang='lat' dir='ltr'><strong>satis</strong></span> <span class='ocrx_word' id='word_1_114' title='bbox 1996 2035 2272 2101; x_wconf 90' lang='lat' dir='ltr'><strong>haberet</strong></span> <span class='ocrx_word' id='word_1_115' title='bbox 2299 2041 2345 2098; x_wconf 75' lang='grc' dir='ltr'><strong><em>Β</em></strong></span> <span class='ocrx_word' id='word_1_116' title='bbox 2398 2041 2689 2119; x_wconf 62' lang='grc' dir='ltr'><strong>Οαυζιμίευ</strong></span> 
     </span>
     <span class='ocr_line' id='line_1_18' title="bbox 256 2112 2608 2229; baseline 0 -24"><span class='ocrx_word' id='word_1_117' title='bbox 256 2140 725 2207; x_wconf 89' lang='lat' dir='ltr'><strong>convenientes</strong></span> <span class='ocrx_word' id='word_1_118' title='bbox 772 2164 1008 2207; x_wconf 90' lang='lat' dir='ltr'><strong>manus</strong></span> <span class='ocrx_word' id='word_1_119' title='bbox 1059 2142 1400 2229; x_wconf 88' lang='lat' dir='ltr'><strong>dissipare,</strong></span> <span class='ocrx_word' id='word_1_120' title='bbox 1438 2164 1523 2207; x_wconf 90' lang='lat' dir='ltr'><strong>ne</strong></span> <span class='ocrx_word' id='word_1_121' title='bbox 1572 2141 1749 2229; x_wconf 91' lang='lat' dir='ltr'><strong>quod</strong></span> <span class='ocrx_word' id='word_1_122' title='bbox 1793 2142 2061 2207; x_wconf 89' lang='lat' dir='ltr'><strong>initium</strong></span> <span class='ocrx_word' id='word_1_123' title='bbox 2114 2141 2271 2207; x_wconf 93' lang='lat' dir='ltr'><strong>belli</strong></span> <span class='ocrx_word' id='word_1_124' title='bbox 2396 2112 2608 2223; x_wconf 55' lang='lat' dir='ltr'><strong>ffiganst</strong></span> 
     </span>
     <span class='ocr_line' id='line_1_19' title="bbox 256 2239 2679 2356; baseline 0 -45"><span class='ocrx_word' id='word_1_125' title='bbox 256 2250 657 2326; x_wconf 86' lang='lat' dir='ltr'><strong>nasceretur,</strong></span> <span class='ocrx_word' id='word_1_126' title='bbox 694 2251 1151 2333; x_wconf 90' lang='lat' dir='ltr'><strong>quantumque</strong></span> <span class='ocrx_word' id='word_1_127' title='bbox 1195 2247 1267 2312; x_wconf 91' lang='lat' dir='ltr'><strong>in</strong></span> <span class='ocrx_word' id='word_1_128' title='bbox 1313 2247 1571 2313; x_wconf 89' lang='lat' dir='ltr'><strong>ratione</strong></span> <span class='ocrx_word' id='word_1_129' title='bbox 1618 2252 1807 2325; x_wconf 89' lang='lat' dir='ltr'><strong>esset,</strong></span> <span class='ocrx_word' id='word_1_130' title='bbox 1849 2246 2268 2333; x_wconf 83' lang='lat' dir='ltr'><strong>exploratum</strong></span> <span class='ocrx_word' id='word_1_131' title='bbox 2395 2239 2679 2356; x_wconf 45' lang='grc' dir='ltr'><strong>ξιξέῗζὲξὲ</strong></span> 
     </span>
     <span class='ocr_line' id='line_1_20' title="bbox 257 2351 2565 2438; baseline 0.003 -22"><span class='ocrx_word' id='word_1_132' title='bbox 257 2351 535 2417; x_wconf 92' lang='lat' dir='ltr'><strong>haberet</strong></span> <span class='ocrx_word' id='word_1_133' title='bbox 606 2351 733 2417; x_wconf 91' lang='lat' dir='ltr'><strong>sub</strong></span> <span class='ocrx_word' id='word_1_134' title='bbox 796 2357 1060 2438; x_wconf 90' lang='lat' dir='ltr'><strong>tempus</strong></span> <span class='ocrx_word' id='word_1_135' title='bbox 1127 2351 1534 2418; x_wconf 86' lang='lat' dir='ltr'><strong>aestivorum</strong></span> <span class='ocrx_word' id='word_1_136' title='bbox 1604 2352 1862 2417; x_wconf 87' lang='lat' dir='ltr'><strong>nullum</strong></span> <span class='ocrx_word' id='word_1_137' title='bbox 1937 2372 2268 2417; x_wconf 90' lang='lat' dir='ltr'><strong>summum</strong></span> <span class='ocrx_word' id='word_1_138' title='bbox 2395 2372 2565 2423; x_wconf 74' lang='lat' dir='ltr'><strong>alnes.</strong></span> 
     </span>
     <span class='ocr_line' id='line_1_21' title="bbox 155 2455 2269 2544; baseline 0.003 -29"><span class='ocrx_word' id='word_1_139' title='bbox 155 2468 230 2516; x_wconf 80' lang='lat'><strong>20</strong></span> <span class='ocrx_word' id='word_1_140' title='bbox 258 2455 508 2533; x_wconf 88' lang='lat' dir='ltr'><strong>bellum</strong></span> <span class='ocrx_word' id='word_1_141' title='bbox 537 2477 726 2542; x_wconf 89' lang='lat' dir='ltr'><strong>posse</strong></span> <span class='ocrx_word' id='word_1_142' title='bbox 749 2456 1037 2535; x_wconf 89' lang='lat' dir='ltr'><strong>conflari,</strong></span> <span class='ocrx_word' id='word_1_143' title='bbox 1063 2455 1136 2523; x_wconf 85' lang='lat' dir='ltr'><strong>C.</strong></span> <span class='ocrx_word' id='word_1_144' title='bbox 1163 2455 1563 2523; x_wconf 88' lang='lat' dir='ltr'><strong>Trebonium</strong></span> <span class='ocrx_word' id='word_1_145' title='bbox 1586 2478 1739 2523; x_wconf 89' lang='lat' dir='ltr'><strong>cum</strong></span> <span class='ocrx_word' id='word_1_146' title='bbox 1769 2456 2029 2522; x_wconf 84' lang='lat' dir='ltr'><strong>duabus</strong></span> <span class='ocrx_word' id='word_1_147' title='bbox 2067 2455 2269 2544; x_wconf 86' lang='lat' dir='ltr'><strong>legio-</strong></span> 
     </span>
     <span class='ocr_line' id='line_1_22' title="bbox 258 2559 2269 2648; baseline 0 -22"><span class='ocrx_word' id='word_1_148' title='bbox 258 2561 457 2627; x_wconf 91' lang='lat' dir='ltr'><strong>nibus</strong></span> <span class='ocrx_word' id='word_1_149' title='bbox 502 2582 668 2648; x_wconf 88' lang='lat' dir='ltr'><strong>quas</strong></span> <span class='ocrx_word' id='word_1_150' title='bbox 710 2583 931 2629; x_wconf 88' lang='lat' dir='ltr'><strong>seeum</strong></span> <span class='ocrx_word' id='word_1_151' title='bbox 971 2560 1262 2628; x_wconf 84' lang='lat' dir='ltr'><strong>habebat</strong></span> <span class='ocrx_word' id='word_1_152' title='bbox 1305 2560 1377 2625; x_wconf 92' lang='lat' dir='ltr'><strong>in</strong></span> <span class='ocrx_word' id='word_1_153' title='bbox 1420 2561 1718 2628; x_wconf 89' lang='lat' dir='ltr'><strong>hibernis</strong></span> <span class='ocrx_word' id='word_1_154' title='bbox 1755 2559 2008 2628; x_wconf 86' lang='lat' dir='ltr'><strong>Cenabi</strong></span> <span class='ocrx_word' id='word_1_155' title='bbox 2050 2561 2269 2628; x_wconf 86' lang='lat' dir='ltr'><strong>conlo·</strong></span> 
     </span>
     <span class='ocr_line' id='line_1_23' title="bbox 256 2666 2326 2753; baseline -0.002 -21"><span class='ocrx_word' id='word_1_156' title='bbox 256 2667 472 2745; x_wconf 85' lang='lat' dir='ltr'><strong>cavit3</strong></span> <span class='ocrx_word' id='word_1_157' title='bbox 516 2666 675 2752; x_wconf 92' lang='lat' dir='ltr'><strong>ipse,</strong></span> <span class='ocrx_word' id='word_1_158' title='bbox 705 2687 857 2732; x_wconf 90' lang='lat' dir='ltr'><strong>cum</strong></span> <span class='ocrx_word' id='word_1_159' title='bbox 887 2666 1134 2733; x_wconf 86' lang='lat' dir='ltr'><strong>crebris</strong></span> <span class='ocrx_word' id='word_1_160' title='bbox 1167 2666 1612 2753; x_wconf 83' lang='lat' dir='ltr'><strong>legationibus</strong></span> <span class='ocrx_word' id='word_1_161' title='bbox 1644 2667 1999 2733; x_wconf 89' lang='lat' dir='ltr'><strong>Remorum</strong></span> <span class='ocrx_word' id='word_1_162' title='bbox 2030 2667 2272 2733; x_wconf 85' lang='lat' dir='ltr'><strong>certior</strong></span> <span class='ocrx_word' id='word_1_163' title='bbox 2296 2680 2326 2727; x_wconf 86' lang='lat'>2</span> 
     </span>
     <span class='ocr_line' id='line_1_24' title="bbox 256 2770 2270 2857; baseline 0 -21"><span class='ocrx_word' id='word_1_164' title='bbox 256 2773 449 2836; x_wconf 87' lang='lat' dir='ltr'><strong>fieret</strong></span> <span class='ocrx_word' id='word_1_165' title='bbox 476 2770 877 2848; x_wconf 87' lang='lat' dir='ltr'><strong>Bellovacos,</strong></span> <span class='ocrx_word' id='word_1_166' title='bbox 908 2770 1023 2856; x_wconf 93' lang='lat' dir='ltr'><strong>qui</strong></span> <span class='ocrx_word' id='word_1_167' title='bbox 1054 2770 1211 2836; x_wconf 90' lang='lat' dir='ltr'><strong>belli</strong></span> <span class='ocrx_word' id='word_1_168' title='bbox 1242 2770 1458 2857; x_wconf 84' lang='lat' dir='ltr'><strong>gloria</strong></span> <span class='ocrx_word' id='word_1_169' title='bbox 1487 2770 1716 2836; x_wconf 85' lang='lat' dir='ltr'><strong>Gallos</strong></span> <span class='ocrx_word' id='word_1_170' title='bbox 1743 2792 1972 2835; x_wconf 89' lang='lat' dir='ltr'><strong>omnes</strong></span> <span class='ocrx_word' id='word_1_171' title='bbox 2001 2770 2270 2857; x_wconf 87' lang='lat' dir='ltr'><strong>Belgas·</strong></span> 
     </span>
     <span class='ocr_line' id='line_1_25' title="bbox 257 2873 2271 2962; baseline 0 -23"><span class='ocrx_word' id='word_1_172' title='bbox 257 2897 387 2961; x_wconf 90' lang='lat' dir='ltr'><strong>que</strong></span> <span class='ocrx_word' id='word_1_173' title='bbox 416 2874 868 2962; x_wconf 86' lang='lat' dir='ltr'><strong>praestabant,</strong></span> <span class='ocrx_word' id='word_1_174' title='bbox 890 2874 1339 2961; x_wconf 86' lang='lat' dir='ltr'><strong>finitimasque</strong></span> <span class='ocrx_word' id='word_1_175' title='bbox 1360 2875 1466 2941; x_wconf 91' lang='lat' dir='ltr'><strong>his</strong></span> <span class='ocrx_word' id='word_1_176' title='bbox 1495 2874 1806 2941; x_wconf 84' lang='lat' dir='ltr'><strong>civitates</strong></span> <span class='ocrx_word' id='word_1_177' title='bbox 1835 2875 2001 2941; x_wconf 89' lang='lat' dir='ltr'><strong>duce</strong></span> <span class='ocrx_word' id='word_1_178' title='bbox 2024 2873 2271 2941; x_wconf 88' lang='lat' dir='ltr'><strong>Correo</strong></span> 
     </span>
     <span class='ocr_line' id='line_1_26' title="bbox 155 2976 2270 3066; baseline 0.002 -26"><span class='ocrx_word' id='word_1_179' title='bbox 155 2992 228 3041; x_wconf 80' lang='lat'><strong>25</strong></span> <span class='ocrx_word' id='word_1_180' title='bbox 258 2979 612 3046; x_wconf 88' lang='lat' dir='ltr'><strong>Bellovaco</strong></span> <span class='ocrx_word' id='word_1_181' title='bbox 658 2982 729 3043; x_wconf 95' lang='lat' dir='ltr'><strong>et</strong></span> <span class='ocrx_word' id='word_1_182' title='bbox 775 2976 1076 3045; x_wconf 88' lang='lat' dir='ltr'><strong>Commio</strong></span> <span class='ocrx_word' id='word_1_183' title='bbox 1126 2979 1449 3044; x_wconf 86' lang='lat' dir='ltr'><strong>Atrebate</strong></span> <span class='ocrx_word' id='word_1_184' title='bbox 1503 2979 1837 3045; x_wconf 80' lang='lat' dir='ltr'><strong>exercitus</strong></span> <span class='ocrx_word' id='word_1_185' title='bbox 1888 3001 2270 3066; x_wconf 89' lang='lat' dir='ltr'><strong>comparare</strong></span> 
     </span>
     <span class='ocr_line' id='line_1_27' title="bbox 255 3083 2270 3172; baseline 0 -23"><span class='ocrx_word' id='word_1_186' title='bbox 255 3089 458 3172; x_wconf 89' lang='lat' dir='ltr'><strong>atque</strong></span> <span class='ocrx_word' id='word_1_187' title='bbox 517 3083 588 3147; x_wconf 90' lang='lat' dir='ltr'><strong>in</strong></span> <span class='ocrx_word' id='word_1_188' title='bbox 649 3105 857 3149; x_wconf 89' lang='lat' dir='ltr'><strong>unum</strong></span> <span class='ocrx_word' id='word_1_189' title='bbox 912 3083 1127 3150; x_wconf 91' lang='lat' dir='ltr'><strong>locum</strong></span> <span class='ocrx_word' id='word_1_190' title='bbox 1180 3105 1429 3170; x_wconf 90' lang='lat' dir='ltr'><strong>cogere,</strong></span> <span class='ocrx_word' id='word_1_191' title='bbox 1472 3087 1552 3149; x_wconf 91' lang='lat' dir='ltr'><strong>ut</strong></span> <span class='ocrx_word' id='word_1_192' title='bbox 1603 3084 1784 3150; x_wconf 90' lang='lat' dir='ltr'><strong>omni</strong></span> <span class='ocrx_word' id='word_1_193' title='bbox 1838 3083 2270 3149; x_wconf 88' lang='lat' dir='ltr'><strong>multitudine</strong></span> 
     </span>
     <span class='ocr_line' id='line_1_28' title="bbox 255 3188 2271 3274; baseline -0 -21"><span class='ocrx_word' id='word_1_194' title='bbox 255 3189 329 3253; x_wconf 93' lang='lat' dir='ltr'><strong>in</strong></span> <span class='ocrx_word' id='word_1_195' title='bbox 350 3190 516 3254; x_wconf 86' lang='lat' dir='ltr'><strong>fines</strong></span> <span class='ocrx_word' id='word_1_196' title='bbox 541 3188 991 3268; x_wconf 88' lang='lat' dir='ltr'><strong>Suessionum,</strong></span> <span class='ocrx_word' id='word_1_197' title='bbox 1011 3188 1125 3274; x_wconf 90' lang='lat' dir='ltr'><strong>qui</strong></span> <span class='ocrx_word' id='word_1_198' title='bbox 1152 3188 1375 3254; x_wconf 90' lang='lat' dir='ltr'><strong>Remis</strong></span> <span class='ocrx_word' id='word_1_199' title='bbox 1398 3192 1592 3254; x_wconf 89' lang='lat' dir='ltr'><strong>erant</strong></span> <span class='ocrx_word' id='word_1_200' title='bbox 1620 3188 1953 3270; x_wconf 88' lang='lat' dir='ltr'><strong>attributi,</strong></span> <span class='ocrx_word' id='word_1_201' title='bbox 1973 3189 2271 3254; x_wconf 88' lang='lat' dir='ltr'><strong>facerent</strong></span> 
     </span>
     <span class='ocr_line' id='line_1_29' title="bbox 257 3292 2269 3379; baseline -0 -22"><span class='ocrx_word' id='word_1_202' title='bbox 257 3292 774 3379; x_wconf 89' lang='lat' dir='ltr'><strong>impressionem,</strong></span> <span class='ocrx_word' id='word_1_203' title='bbox 804 3293 1135 3379; x_wconf 89' lang='lat' dir='ltr'><strong>pertinere</strong></span> <span class='ocrx_word' id='word_1_204' title='bbox 1176 3297 1402 3358; x_wconf 89' lang='lat' dir='ltr'><strong>autem</strong></span> <span class='ocrx_word' id='word_1_205' title='bbox 1441 3315 1576 3359; x_wconf 91' lang='lat' dir='ltr'><strong>non</strong></span> <span class='ocrx_word' id='word_1_206' title='bbox 1620 3297 1886 3359; x_wconf 88' lang='lat' dir='ltr'><strong>tantum</strong></span> <span class='ocrx_word' id='word_1_207' title='bbox 1926 3293 2013 3358; x_wconf 88' lang='lat' dir='ltr'><strong>ad</strong></span> <span class='ocrx_word' id='word_1_208' title='bbox 2052 3292 2269 3379; x_wconf 87' lang='lat' dir='ltr'><strong>digni-</strong></span> 
     </span>
    </p>
   </div>
   <div class='ocr_carea' id='block_1_3' title="bbox 256 3395 2268 3476">
    <p class='ocr_par' dir='ltr' id='par_1_3' title="bbox 256 3395 2268 3476">
     <span class='ocr_line' id='line_1_30' title="bbox 256 3395 2268 3476; baseline -0.001 -14"><span class='ocrx_word' id='word_1_209' title='bbox 256 3402 488 3476; x_wconf 85' lang='lat' dir='ltr'><strong>tatem,</strong></span> <span class='ocrx_word' id='word_1_210' title='bbox 524 3395 640 3462; x_wconf 86' lang='lat' dir='ltr'><strong>sed</strong></span> <span class='ocrx_word' id='word_1_211' title='bbox 685 3399 889 3463; x_wconf 90' lang='lat' dir='ltr'><strong>etiam</strong></span> <span class='ocrx_word' id='word_1_212' title='bbox 934 3397 1021 3462; x_wconf 88' lang='lat' dir='ltr'><strong>ad</strong></span> <span class='ocrx_word' id='word_1_213' title='bbox 1065 3397 1349 3463; x_wconf 90' lang='lat' dir='ltr'><strong>salutem</strong></span> <span class='ocrx_word' id='word_1_214' title='bbox 1401 3419 1592 3463; x_wconf 89' lang='lat' dir='ltr'><strong>suam</strong></span> <span class='ocrx_word' id='word_1_215' title='bbox 1642 3397 1968 3464; x_wconf 88' lang='lat' dir='ltr'><strong>iudicaret</strong></span> <span class='ocrx_word' id='word_1_216' title='bbox 2015 3396 2268 3461; x_wconf 90' lang='lat' dir='ltr'><strong>nullam</strong></span> 
     </span>
    </p>
   </div>
   <div class='ocr_carea' id='block_1_4' title="bbox 254 3517 2269 4305">
    <p class='ocr_par' dir='ltr' id='par_1_4' title="bbox 254 3517 2269 3788">
     <span class='ocr_line' id='line_1_31' title="bbox 326 3517 2269 3601; baseline 0 -29"><span class='ocrx_word' id='word_1_217' title='bbox 326 3536 506 3588; x_wconf 78' lang='lat' dir='ltr'><strong>nuper</strong></span> <span class='ocrx_word' id='word_1_218' title='bbox 531 3556 546 3570; x_wconf 88' lang='lat'><strong>.</strong></span> <span class='ocrx_word' id='word_1_219' title='bbox 575 3560 588 3574; x_wconf 89' lang='lat'><strong>.</strong></span> <span class='ocrx_word' id='word_1_220' title='bbox 614 3558 628 3574; x_wconf 90' lang='lat'><strong>.</strong></span> <span class='ocrx_word' id='word_1_221' title='bbox 661 3521 971 3601; x_wconf 64' lang='lat' dir='ltr'><strong>aptisqmnt.</strong></span> <span class='ocrx_word' id='word_1_222' title='bbox 1044 3518 1165 3574; x_wconf 85' lang='lat' dir='ltr'><strong>The</strong></span> <span class='ocrx_word' id='word_1_223' title='bbox 1201 3518 1298 3573; x_wconf 90' lang='lat' dir='ltr'><strong>onl</strong></span> <span class='ocrx_word' id='word_1_224' title='bbox 1373 3518 1714 3590; x_wconf 82' lang='lat' dir='ltr'><strong>stronghold</strong></span> <span class='ocrx_word' id='word_1_225' title='bbox 1749 3519 1815 3575; x_wconf 86' lang='lat' dir='ltr'><strong>of</strong></span> <span class='ocrx_word' id='word_1_226' title='bbox 1853 3518 1952 3575; x_wconf 88' lang='lat' dir='ltr'><strong>the</strong></span> <span class='ocrx_word' id='word_1_227' title='bbox 1989 3517 2269 3576; x_wconf 80' lang='lat' dir='ltr'><strong>Carnutes</strong></span> 
     </span>
     <span class='ocr_line' id='line_1_32' title="bbox 254 3589 2262 3788; baseline 0 -72"><span class='ocrx_word' id='word_1_228' title='bbox 254 3589 785 3788; x_wconf 45' lang='grc' dir='ltr'><strong>ἱὴὲᾶξῗῖςὲῌῧὲἒέῗῗ</strong></span> <span class='ocrx_word' id='word_1_229' title='bbox 800 3590 2262 3788; x_wconf 54' lang='grc' dir='ltr'><strong>ὧῖξᾝθῗεὲἔῑηὲῗῗοὶἶῑὲὲῗ·ξέἲ“3ἓὲὶῑεεαοιοη.</strong></span> 
     </span>
    </p>

    <p class='ocr_par' dir='ltr' id='par_1_5' title="bbox 255 3749 2269 4305">
     <span class='ocr_line' id='line_1_33' title="bbox 328 3749 2268 3886; baseline 0 -27"><span class='ocrx_word' id='word_1_230' title='bbox 328 3803 359 3878; x_wconf 70' lang='grc' dir='ltr'><strong>ξ</strong></span> <span class='ocrx_word' id='word_1_231' title='bbox 397 3751 460 3859; x_wconf 61' lang='lat'><strong>31.)</strong></span> <span class='ocrx_word' id='word_1_232' title='bbox 499 3749 1141 3875; x_wconf 45' lang='grc' dir='ltr'><strong>ααζῗὶἳιεηὲοὲᾝὲἳιειὲη.</strong></span> <span class='ocrx_word' id='word_1_233' title='bbox 1155 3804 1337 3862; x_wconf 85' lang='lat' dir='ltr'><strong>These</strong></span> <span class='ocrx_word' id='word_1_234' title='bbox 1377 3822 1508 3876; x_wconf 79' lang='lat' dir='ltr'><strong>may</strong></span> <span class='ocrx_word' id='word_1_235' title='bbox 1544 3806 1686 3861; x_wconf 85' lang='lat' dir='ltr'><strong>have</strong></span> <span class='ocrx_word' id='word_1_236' title='bbox 1724 3803 2132 3886; x_wconf 80' lang='lat' dir='ltr'><strong>accompanied</strong></span> <span class='ocrx_word' id='word_1_237' title='bbox 2168 3804 2268 3860; x_wconf 90' lang='lat' dir='ltr'><strong>the</strong></span> 
     </span>
     <span class='ocr_line' id='line_1_34' title="bbox 256 3874 2267 3969; baseline -0.001 -37"><span class='ocrx_word' id='word_1_238' title='bbox 256 3876 504 3932; x_wconf 87' lang='lat' dir='ltr'><strong>German</strong></span> <span class='ocrx_word' id='word_1_239' title='bbox 539 3875 764 3947; x_wconf 79' lang='lat' dir='ltr'><strong>cavalry</strong></span> <span class='ocrx_word' id='word_1_240' title='bbox 788 3876 850 3931; x_wconf 87' lang='lat' dir='ltr'><strong>in</strong></span> <span class='ocrx_word' id='word_1_241' title='bbox 888 3876 1130 3933; x_wconf 83' lang='lat' dir='ltr'><strong>Caesar’s</strong></span> <span class='ocrx_word' id='word_1_242' title='bbox 1167 3895 1280 3948; x_wconf 81' lang='lat' dir='ltr'><strong>pay</strong></span> <span class='ocrx_word' id='word_1_243' title='bbox 1310 3877 1425 3946; x_wconf 87' lang='lat' dir='ltr'><strong>(see</strong></span> <span class='ocrx_word' id='word_1_244' title='bbox 1450 3876 1488 3945; x_wconf 85' lang='lat' dir='ltr'><strong>i,</strong></span> <span class='ocrx_word' id='word_1_245' title='bbox 1512 3877 1602 3942; x_wconf 85' lang='lat'><strong>48,</strong></span> <span class='ocrx_word' id='word_1_246' title='bbox 1633 3875 1863 3958; x_wconf 39' lang='lat'><strong>§§,4-7;</strong></span> <span class='ocrx_word' id='word_1_247' title='bbox 1901 3876 2115 3969; x_wconf 43' lang='lat' dir='ltr'><strong>vxi,·13,</strong></span> <span class='ocrx_word' id='word_1_248' title='bbox 2141 3874 2171 3948; x_wconf 72' lang='grc' dir='ltr'><strong>ξ</strong></span> <span class='ocrx_word' id='word_1_249' title='bbox 2200 3878 2267 3959; x_wconf 35' lang='grc' dir='ltr'><strong>1ος</strong></span> 
     </span>
     <span class='ocr_line' id='line_1_35' title="bbox 257 3945 2266 4092; baseline -0.001 -87"><span class='ocrx_word' id='word_1_250' title='bbox 257 3949 346 4016; x_wconf 86' lang='grc'><strong>65,</strong></span> <span class='ocrx_word' id='word_1_251' title='bbox 373 3945 404 4020; x_wconf 65' lang='grc' dir='ltr'><strong>ξι</strong></span> <span class='ocrx_word' id='word_1_252' title='bbox 427 3947 522 4017; x_wconf 85' lang='lat'><strong>4);</strong></span> <span class='ocrx_word' id='word_1_253' title='bbox 558 3947 664 4031; x_wconf 74' lang='lat' dir='ltr'><strong>but</strong></span> <span class='ocrx_word' id='word_1_254' title='bbox 694 3948 1222 4092; x_wconf 40' lang='lat' dir='ltr'><strong>gerhiipsggozieaeof</strong></span> <span class='ocrx_word' id='word_1_255' title='bbox 1239 3950 1397 4005; x_wconf 88' lang='lat' dir='ltr'><strong>them</strong></span> <span class='ocrx_word' id='word_1_256' title='bbox 1424 3948 1619 4004; x_wconf 86' lang='lat' dir='ltr'><strong>served</strong></span> <span class='ocrx_word' id='word_1_257' title='bbox 1643 3949 1783 4003; x_wconf 73' lang='lat' dir='ltr'><strong>With</strong></span> <span class='ocrx_word' id='word_1_258' title='bbox 1809 3947 2014 4003; x_wconf 85' lang='lat' dir='ltr'><strong>Caesar</strong></span> <span class='ocrx_word' id='word_1_259' title='bbox 2033 3965 2059 4001; x_wconf 82' lang='lat' dir='ltr'><strong>s</strong></span> <span class='ocrx_word' id='word_1_260' title='bbox 2084 3945 2266 4003; x_wconf 86' lang='lat' dir='ltr'><strong>Galhc</strong></span> 
     </span>
     <span class='ocr_line' id='line_1_36' title="bbox 259 4017 2265 4217; baseline 0 -72"><span class='ocrx_word' id='word_1_261' title='bbox 259 4019 706 4217; x_wconf 38' lang='lat' dir='ltr'><strong>cagassrydgggi</strong></span> <span class='ocrx_word' id='word_1_262' title='bbox 730 4017 844 4146; x_wconf 51' lang='grc' dir='ltr'><strong>ἷνὲιε</strong></span> <span class='ocrx_word' id='word_1_263' title='bbox 882 4059 1233 4174; x_wconf 38' lang='lat' dir='ltr'><strong>condem-ned</strong></span> <span class='ocrx_word' id='word_1_264' title='bbox 1265 4107 1328 4146; x_wconf 81' lang='lat' dir='ltr'><strong>as</strong></span> <span class='ocrx_word' id='word_1_265' title='bbox 1352 4089 1618 4162; x_wconf 85' lang='lat' dir='ltr'><strong>spurious</strong></span> <span class='ocrx_word' id='word_1_266' title='bbox 1640 4090 1715 4161; x_wconf 82' lang='lat' dir='ltr'><strong>by</strong></span> <span class='ocrx_word' id='word_1_267' title='bbox 1744 4090 2058 4146; x_wconf 83' lang='lat' dir='ltr'><strong>Mommsen</strong></span> <span class='ocrx_word' id='word_1_268' title='bbox 2085 4090 2166 4157; x_wconf 88' lang='lat' dir='ltr'><strong>(J.</strong></span> <span class='ocrx_word' id='word_1_269' title='bbox 2179 4091 2265 4155; x_wconf 74' lang='lat' dir='ltr'><strong>B„</strong></span> 
     </span>
     <span class='ocr_line' id='line_1_37' title="bbox 255 4161 2269 4305; baseline -0.001 -13"><span class='ocrx_word' id='word_1_270' title='bbox 255 4162 524 4292; x_wconf 45' lang='lat' dir='ltr'><strong>{aar</strong></span> <span class='ocrx_word' id='word_1_271' title='bbox 559 4163 704 4290; x_wconf 65' lang='lat'><strong>3332·</strong></span> <span class='ocrx_word' id='word_1_272' title='bbox 732 4162 808 4289; x_wconf 56' lang='lat'><strong>,21</strong></span> <span class='ocrx_word' id='word_1_273' title='bbox 834 4162 1221 4290; x_wconf 41' lang='lat' dir='ltr'><strong>mre-²„</strong></span> <span class='ocrx_word' id='word_1_274' title='bbox 1247 4162 1750 4305; x_wconf 47' lang='lat' dir='ltr'><strong>ems-hs,</strong></span> <span class='ocrx_word' id='word_1_275' title='bbox 1767 4161 2269 4303; x_wconf 46' lang='lat' dir='ltr'><strong>imm</strong></span> 
     </span>
    </p>
   </div>
   <div class='ocr_carea' id='block_1_5' title="bbox 256 4303 2266 4450">
    <p class='ocr_par' dir='ltr' id='par_1_6' title="bbox 256 4303 2266 4450">
     <span class='ocr_line' id='line_1_38' title="bbox 256 4303 2266 4387; baseline -0.001 -26"><span class='ocrx_word' id='word_1_276' title='bbox 256 4306 557 4378; x_wconf 86' lang='lat' dir='ltr'><strong>pleonasm</strong></span> <span class='ocrx_word' id='word_1_277' title='bbox 581 4305 629 4361; x_wconf 77' lang='lat' dir='ltr'><strong>is</strong></span> <span class='ocrx_word' id='word_1_278' title='bbox 653 4308 754 4360; x_wconf 89' lang='lat' dir='ltr'><strong>not</strong></span> <span class='ocrx_word' id='word_1_279' title='bbox 776 4304 1108 4387; x_wconf 74' lang='lat' dir='ltr'><strong>surprising.</strong></span> <span class='ocrx_word' id='word_1_280' title='bbox 1170 4304 1407 4367; x_wconf 79' lang='lat' dir='ltr'><strong>Hirtius.</strong></span> <span class='ocrx_word' id='word_1_281' title='bbox 1426 4305 1760 4371; x_wconf 86' lang='lat' dir='ltr'><strong>remember,</strong></span> <span class='ocrx_word' id='word_1_282' title='bbox 1775 4324 1891 4362; x_wconf 81' lang='lat' dir='ltr'><strong>was</strong></span> <span class='ocrx_word' id='word_1_283' title='bbox 1914 4309 2018 4360; x_wconf 88' lang='lat' dir='ltr'><strong>not</strong></span> <span class='ocrx_word' id='word_1_284' title='bbox 2039 4303 2266 4361; x_wconf 80' lang='lat' dir='ltr'><strong>Caesar.</strong></span> 
     </span>
     <span class='ocr_line' id='line_1_39' title="bbox 327 4373 1597 4450; baseline -0.002 -17"><span class='ocrx_word' id='word_1_285' title='bbox 327 4381 387 4444; x_wconf 81' lang='lat'><strong>6,</strong></span> <span class='ocrx_word' id='word_1_286' title='bbox 415 4375 445 4450; x_wconf 66' lang='grc' dir='ltr'><strong>ξ</strong></span> <span class='ocrx_word' id='word_1_287' title='bbox 469 4377 521 4433; x_wconf 88' lang='grc'><strong>2.</strong></span> <span class='ocrx_word' id='word_1_288' title='bbox 560 4377 823 4432; x_wconf 63' lang='lat' dir='ltr'><strong>attributi.</strong></span> <span class='ocrx_word' id='word_1_289' title='bbox 895 4376 981 4433; x_wconf 88' lang='lat' dir='ltr'><strong>Cf.</strong></span> <span class='ocrx_word' id='word_1_290' title='bbox 1008 4377 1102 4446; x_wconf 72' lang='lat' dir='ltr'><strong>vil,</strong></span> <span class='ocrx_word' id='word_1_291' title='bbox 1131 4376 1183 4445; x_wconf 86' lang='lat'><strong>9,</strong></span> <span class='ocrx_word' id='word_1_292' title='bbox 1213 4373 1242 4449; x_wconf 67' lang='grc' dir='ltr'><strong>ξ</strong></span> <span class='ocrx_word' id='word_1_293' title='bbox 1269 4377 1338 4445; x_wconf 83' lang='grc'><strong>6;</strong></span> <span class='ocrx_word' id='word_1_294' title='bbox 1375 4377 1459 4443; x_wconf 83' lang='lat'><strong>76,</strong></span> <span class='ocrx_word' id='word_1_295' title='bbox 1489 4373 1518 4449; x_wconf 67' lang='grc' dir='ltr'><strong>ξ</strong></span> <span class='ocrx_word' id='word_1_296' title='bbox 1548 4378 1597 4433; x_wconf 87' lang='lat' dir='ltr'><strong>l.</strong></span> 
     </span>
    </p>
   </div>
  </div>
 </body>
</html>
