3177 5166
839 341 1566 409 COMMENTARIUS
1612 341 1686 408 II
2182 343 2267 407 93

252 527 369 592 spe
421 506 674 582 salutis,
722 510 982 571 tantam
1036 506 1359 571 virtutem
1418 506 1901 592 praestiterunt
1966 510 2061 582 ut,
2114 528 2264 571 cum

251 610 452 696 primi
484 633 711 676 eorum
735 610 1143 688 cecidissent,
1160 610 1449 696 proximi
1479 611 1849 677 iacentibus
1877 611 2267 676 insisterent

251 721 454 800 atque
506 738 591 780 ex
650 738 879 780 eorum
931 714 1319 802 corporibus
1376 719 1773 802 pugnarent,
1829 715 1934 779 his
1991 715 2266 781 deiectis
2291 724 2319 772 4

251 825 322 884 et
378 820 784 886 coacervatis
848 819 1284 886 cadaveribus
1353 820 1470 905 qui
1539 824 1958 906 superessent
2029 824 2109 887 ut
2178 842 2263 884 ex

191 948 221 994 5
251 924 511 990 tumulo
569 924 707 989 tela
764 925 835 988 in
888 929 1150 990 nostros
1200 924 1528 990 coicerent
1578 929 1648 989 et
1700 923 1837 1011 pila
1896 924 2265 1010 intercepta

250 1028 704 1094 remitterent:
771 1037 850 1093 ut
896 1050 1029 1094 non
1082 1028 1486 1115 nequiquam
1538 1033 1769 1093 tantae
1820 1028 2095 1093 virtutis
2147 1028 2261 1093 ho·
2288 1045 2318 1094 5

250 1134 462 1198 mines
501 1132 783 1199 iudicari
821 1132 1091 1198 deberet
1129 1154 1324 1198 ausos
1365 1154 1506 1197 esse
1534 1133 1823 1198 transire
1861 1132 2259 1198 latissimum

247 1238 513 1314 flumen,
536 1237 886 1303 ascendere
910 1236 1269 1302 altissimas
1299 1237 1498 1323 ripas,
1516 1236 1737 1302 subire
1768 1237 2257 1322 iniquissimum

248 1341 501 1425 locum;
558 1363 729 1428 quae
770 1341 997 1406 facilia
1041 1363 1125 1406 ex
1166 1340 1570 1407 difficillimis
1615 1342 1822 1406 animi
1868 1341 2261 1428 magnitudo

154 1471 219 1517 10
248 1447 613 1533 redegerat.

338 1551 484 1616 Hoc
525 1550 775 1670 proelio
818 1549 997 1616 facto
1038 1559 1108 1615 et
1147 1572 1351 1638 prope
1391 1550 1477 1615 ad
1507 1550 2024 1616 internecionem
2060 1554 2260 1637 gente
2285 1558 2382 1615 28
2406 1564 2603 1614 Caesar

247 1676 324 1719 ac
382 1655 650 1722 nomine
710 1655 1116 1720 Nerviorum
1176 1655 1461 1732 redact0,
1514 1655 1798 1720 maiores
1859 1660 2043 1732 nam,
2095 1676 2259 1740 quos
2406 1633 2694 1747 ζζίζξζὲξῖξ

247 1780 384 1823 una
412 1780 562 1824 cum
593 1758 816 1845 pueris
845 1758 1366 1845 mulieribusque
1396 1759 1466 1822 in
1507 1760 1843 1824 aestuaria
1872 1780 1948 1824 ac
1982 1758 2257 1844 paludes
2404 1766 2545 1814 with

245 1863 573 1929 coniectos
617 1863 1021 1944 dixeramus,
1052 1865 1177 1929 hac
1222 1885 1449 1951 pugna
1492 1863 1823 1940 nuntiata,
1853 1885 2002 1929 cum
2044 1863 2253 1929 victo-
2395 1831 2690 1893 ⁰¹⁶¹¹¹⁰¹¹⁰5'

154 1982 219 2029 15
246 1967 432 2032 ribus
475 1967 645 2032 nihil
685 1967 1098 2054 impeditum,
1132 1968 1327 2034 victis
1369 1967 1542 2033 nihil
1580 1972 1805 2033 tutum
1849 1966 2253 2032 arbitraren-

242 2075 377 2148 tur,
436 2072 733 2137 omnium
807 2072 922 2158 qui
996 2077 1388 2159 supererant
1454 2093 1775 2138 consensu
1844 2071 2096 2158 legatos
2167 2071 2252 2136 ad
2280 2088 2312 2137 2

246 2173 596 2242 Caesarem
641 2175 967 2241 miserunt
1010 2198 1209 2262 seque
1254 2178 1316 2242 ei
1362 2176 1797 2256 dediderunt3
1855 2181 1924 2239 et
1967 2175 2036 2239 in
2078 2197 2253 2241 com-

245 2279 673 2345 memoranda
715 2279 1015 2345 civitatis
1058 2281 1439 2346 calamitate
1484 2302 1569 2346 ex
1600 2280 1722 2347 DC
1753 2279 1839 2344 ad
1883 2284 2021 2344 tres
2064 2302 2250 2344 sena-

244 2389 440 2462 tores,
481 2405 566 2449 ex
613 2384 957 2449 hominum
1004 2384 1274 2450 milibus
1326 2384 1446 2450 LX
1493 2384 1612 2448 vix
1657 2384 1742 2450 ad
1787 2383 1869 2465 D,
1907 2384 2021 2470 qui
2066 2406 2253 2449 arma

149 2507 217 2555 20
244 2487 420 2552 ferre
442 2493 726 2574 possent,
743 2510 881 2555 sese
900 2489 1200 2556 redactos
1222 2510 1363 2556 esse
1386 2489 1721 2554 dixerunt.
1786 2488 1968 2568 Quos
1987 2486 2250 2569 Caesar,
2278 2513 2308 2562 3

241 2598 320 2658 ut
351 2593 421 2656 in
452 2593 723 2658 miseros
751 2615 829 2659 ac
859 2595 1188 2680 supplices
1219 2617 1378 2660 usus
1413 2593 1863 2660 misericordia
1892 2594 2251 2668 videretur,

239 2697 748 2784 diligentissime
770 2699 1191 2764 conservavit
1212 2699 1479 2785 suisque
1502 2699 1749 2764 finibus
1770 2703 1970 2783 atque
1989 2699 2252 2785 oppidis

240 2803 344 2866 uti
374 2802 570 2867 iussit
599 2806 669 2867 et
696 2802 1004 2868 finitimis
1033 2803 1391 2890 imperavit
1428 2808 1506 2868 ut
1546 2803 1633 2867 ab
1662 2802 1909 2867 iniuria
1950 2807 2017 2867 et
2047 2801 2250 2866 male-

239 2906 390 2971 ficio
419 2927 487 2971 se
518 2928 800 2993 suosque
829 2907 1272 2994 prohiberent.

141 3030 212 3079 25
328 3011 666 3087 Atuatuci,
706 3010 789 3076 de
840 3011 1082 3097 quibus
1133 3033 1336 3098 supra
1386 3011 1699 3086 diximus,
1740 3032 1891 3076 cum
1943 3010 2251 3076 omnibus
2277 3021 2374 3077 29
2396 3028 2508 3077 'rho

236 3115 445 3199 copiis
497 3114 750 3180 auxilio
797 3115 1068 3180 Nerviis
1115 3117 1439 3193 venirent,
1484 3117 1609 3181 hac
1660 3136 1885 3202 pugna
1936 3115 2252 3180 nuntiata
2389 3095 2687 3225 ffiffigffige

308 3256 413 3317 28.
452 3251 483 3325 ξ
529 3253 577 3311 1.
620 3272 836 3337 prope.
907 3258 1178 3310 ..redacto
1253 3253 1409 3319 This,
1455 3254 1674 3325 though
1722 3252 1930 3309 Cacsar
1971 3271 2103 3323 may
2143 3257 2248 3309 not

237 3324 380 3381 have
396 3293 612 3381 ’known
638 3325 688 3381 it
710 3326 877 3382 when
916 3326 989 3382 he
1016 3326 1280 3410 reported
1309 3325 1399 3382 his
1422 3326 1643 3396 victory
1667 3328 1728 3381 to
1753 3326 1854 3380 the
1878 3324 2108 3395 Senate,
2136 3344 2249 3382 was

238 3414 314 3451 an
342 3398 768 3468 exaggeration.
841 3398 946 3454 See
1012 3416 1067 3468 p.
1094 3398 1246 3453 ix-x.

309 3473 609 3526 aestuaria.
679 3467 815 3524 This
838 3486 953 3525 wor
995 3469 1273 3535 ,which
1256 3488 1304 3524 is
1329 3469 1644 3524 connected
1668 3467 1809 3523 with
1839 3469 2083 3539 πείνη(
2101 3469 2245 3526 tidal

236 3541 475 3595 stream’
481 3543 518 3605 ),
547 3543 762 3596 cannot
795 3540 867 3597 be
905 3512 1043 3597 used
1073 3540 1138 3597 of
1168 3540 1419 3597 marshes
1449 3539 1670 3596 formed
1706 3540 1785 3610 by
1817 3557 1853 3595 a
1886 3540 2034 3596 river
2056 3540 2245 3596 which

235 3612 371 3667 does
418 3614 524 3668 not
565 3612 690 3668 flow
728 3612 854 3667 into
901 3613 1004 3669 the
1043 3630 1170 3676 ερας
1223 3629 1284 3668 so
1323 3629 1405 3667 we
1455 3617 1607 3666 must
1650 3612 1924 3668 conclude
1973 3612 2107 3667 that
2145 3613 2245 3667 the

237 3684 490 3810 nbaighes
526 3681 888 3824 inssquestion
926 3683 1202 3741 bordered
1252 3701 1326 3740 on
1366 3683 1468 3739 the
1507 3687 1740 3753 estuary
1778 3684 1844 3739 of
1874 3684 1973 3739 the
2009 3684 2246 3739 Scheldt

304 3829 638 3881 dixer-annas.
712 3826 815 3883 See
847 3825 949 3882 the
979 3829 1116 3883 note
1140 3842 1215 3881 on
1244 3826 1290 3889 1,
1316 3823 1347 3897 ξ
1375 3825 1401 3878 1
1436 3826 1816 3894 (dixeramus).

306 3895 337 3969 ξ
362 3898 414 3952 2.
451 3916 520 3952 ex
542 3900 683 3953 DC.
751 3901 1072 3953 ‚dixerunt
1148 3895 1255 3955 See
1278 3897 1379 3954 the
1405 3898 1530 3954 first
1556 3901 1692 3954 note
1717 3916 1792 3955 on
1817 3896 1848 3970 ξ
1877 3898 1925 3952 1.

306 3973 400 4022 vix
443 3972 517 4023 ad
567 3971 636 4025 D.
730 3969 939 4025 Caesar
986 3986 1121 4038 may
1158 3969 1302 4026 have
1351 3967 1627 4025 intended
1674 3973 1737 4026 to
1779 3968 2100 4053 emphasize
2149 3987 2245 4023 msc

233 4039 319 4126 (as
360 4040 422 4094 in
467 4038 504 4107 i,
544 4040 595 4107 6,
627 4038 658 4112 ξ
705 4040 776 4111 1),
813 4040 918 4095 but
959 4039 1228 4110 anyhow
1241 4041 1311 4096 he
1356 4040 1525 4097 could
1565 4044 1670 4097 not
1712 4041 1855 4124 haye
1896 4041 2128 4096 written
2171 4044 2246 4094 ad

232 4114 329 4164 οἰκ
362 4114 432 4166 D.
506 4114 600 4165 Aa
634 4114 832 4184 reliqui
867 4113 1120 4181 temporis
1193 4130 1340 4167 anem
1380 4109 1496 4180 (vii,
1522 4112 1612 4177 66,
1639 4110 1804 4183 §4)
1786 4130 1836 4167 ιιι
1867 4113 2016 4183 good
2054 4112 2241 4178 Latin,

234 4182 349 4237 and
385 4199 450 4238 so
484 4181 534 4237 is
569 4185 644 4238 ad
677 4131 809 4238 bene
826 4185 1122 4248 vivendum,
1145 4131 1222 4238 gu
1227 4187 1253 4238 t
1277 4187 1486 4266 except
1516 4182 1580 4239 in
1610 4185 1747 4239 such
1774 4184 2005 4253 phrases
2030 4202 2066 4238 a
2090 4154 2242 4240 word

233 4257 448 4309 cannot
469 4253 541 4309 be
565 4254 770 4324 placed
793 4253 1054 4310 between
1080 4257 1156 4309 ad
1176 4254 1293 4310 and
1316 4253 1393 4311 its
1419 4254 1628 4326 object.

304 4323 413 4397 §3.
454 4331 556 4379 ut.
627 4329 942 4381 ,videremu-
971 4327 1087 4396 (see
1123 4327 1225 4384 the
1261 4326 1468 4383 second
1505 4331 1642 4384 note
1673 4344 1747 4384 on
1772 4327 1810 4393 i,
1839 4328 1928 4393 40,
1960 4325 2072 4420 §5)
2113 4344 2242 4397 may

232 4395 304 4451 be
329 4366 648 4452 translated
674 4397 750 4467 by
779 4397 1056 4469 ‘wishing
1077 4402 1140 4455 to
1165 4398 1443 4456 establish
1468 4398 1560 4454 his
1584 4399 1883 4456 character
1906 4398 2041 4465 for’,
2068 4401 2171 4455 διο.
