3177 5166
461 504 618 565 5,ooo

463 571 642 619 Gallie

463 635 694 700 cavalry.

902 327 1027 390 138
1463 325 1584 392 DE
1639 327 1926 394 BELLO
1970 327 2360 396 GALLICO

903 486 1140 555 DCCC
1200 490 1456 576 equites
1514 489 1856 575 haberent,
1913 491 2089 579 quod
2154 493 2205 557 ii
2268 493 2383 578 qui
2450 491 2907 558 frumentandi

902 614 1102 658 causa
1141 597 1335 658 erant
1373 599 1561 659 trans
1605 594 1858 660 Mosam
1895 595 2179 682 profecti
2221 596 2515 662 nondum
2554 596 2908 676 redierant,

904 696 1073 762 nihil
1104 697 1499 763 timentibus
1528 699 1798 780 nostris,
1819 700 1995 785 quod
2026 699 2231 788 legati
2262 723 2489 766 eorum
2521 701 2721 788 paulo
2752 705 2907 765 ante

901 822 944 864 a
974 798 1255 866 Caesare
1295 801 1734 869 discesserant
1778 809 1979 890 atque
2024 804 2081 870 is
2126 804 2269 870 dies
2313 790 2593 871 indutiis
2634 808 2779 871 erat
2822 805 2908 868 ab

904 903 1010 968 his
1078 905 1347 991 petitus,
1405 905 1660 993 impetu
1727 905 1909 973 facto
1966 907 2266 975 celeriter
2325 914 2587 976 nostros
2645 913 2905 995 pertur-
2936 917 2966 967 ⁶

845 1033 876 1081 2
905 1007 1270 1089 baverunt;
1328 1032 1560 1076 rursus
1612 1011 1717 1077 his
1761 1012 2223 1079 resistentibus
2266 1012 2742 1080 consuetudine
2787 1033 2910 1078 sua

905 1111 991 1176 ad
1059 1114 1259 1199 pedes
1326 1114 1741 1181 desiluerunt
1799 1115 2252 1204 subfossisque
2311 1118 2499 1205 equis
2555 1116 2907 1204 compluri-

906 1216 1160 1303 busque
1195 1218 1441 1284 nostris
1477 1219 1749 1286 deiectis
1786 1221 2072 1308 reliquos
2109 1221 2180 1286 in
2218 1220 2449 1309 fugam
2488 1222 2911 1288 coniecerunt

906 1325 1108 1407 atque
1178 1323 1276 1387 ita
1343 1325 1733 1410 perterritos
1805 1331 2087 1412 egerunt
2159 1332 2238 1391 ut
2303 1347 2435 1391 non
2496 1326 2685 1411 prius
2742 1324 2912 1411 fuga

907 1425 1306 1492 desisterent
1333 1450 1533 1514 quam
1571 1430 1641 1492 in
1672 1435 2094 1515 conspectum
2127 1429 2417 1517 agminis
2446 1430 2659 1495 nostri
2692 1428 2909 1493 venis·
2939 1441 3004 1488 10

851 1552 881 1599 3
907 1535 1070 1596 sent.
1161 1530 1244 1596 In
1276 1554 1353 1596 eo
1385 1533 1634 1619 proelio
1662 1555 1746 1598 ex
1778 1534 2114 1618 equitibus
2142 1533 2389 1599 nostris
2416 1533 2913 1599 interficiuntur

850 1656 879 1702 4
909 1633 1056 1698 IIII
1104 1640 1173 1701 et
1217 1635 1422 1713 LXX,
1458 1636 1530 1699 in
1574 1636 1681 1702 his
1729 1637 1833 1701 vir
1877 1637 2276 1704 fortissimus
2318 1637 2469 1703 Piso
2513 1636 2913 1723 Aquitanus,

907 1738 1316 1825 amplissimo
1358 1762 1600 1828 genere
1644 1745 1863 1822 natus,
1907 1742 2098 1809 cuius
2142 1764 2309 1808 avus
2353 1744 2426 1807 in
2469 1743 2745 1808 civitate
2790 1762 2914 1806 sua

907 1864 1187 1929 regnum
1217 1844 1602 1910 obtinuerat
1631 1845 1885 1912 amicus
1913 1870 1956 1913 a
1985 1851 2220 1912 senatu
2262 1850 2492 1912 nostro
2519 1844 2911 1933 appellatus

851 1964 880 2012 5
912 1946 1041 2012 Hic
1070 1967 1220 2012 cum
1252 1947 1448 2014 fratri
1480 1949 1840 2016 intercluso
1868 1950 1955 2015 ab
1992 1950 2295 2016 hostibus
2323 1950 2653 2016 auxilium
2686 1947 2913 2024 ferret,
2941 1962 3006 2012 16

908 2050 1098 2116 illum
1129 2074 1213 2116 ex
1243 2053 1537 2139 periculo
1566 2053 1835 2141 eripuit,
1858 2053 2000 2142 ipse
2036 2076 2205 2140 equo
2228 2053 2576 2121 vulnerato
2598 2052 2914 2131 deiectus,

854 2179 883 2225 6
911 2155 1127 2239 quoad
1180 2157 1418 2241 potuit,
1471 2156 1832 2223 fortissime
1882 2157 2167 2239 restitit;
2228 2180 2378 2224 cum
2423 2157 2916 2224 circumventus

910 2258 1140 2325 multis
1162 2261 1549 2326 vulneribus
1570 2262 1857 2349 acceptis
1878 2262 2224 2329 cecidisset
2240 2267 2442 2348 atque
2463 2261 2529 2326 id
2551 2260 2781 2338 frater,
2799 2260 2914 2346 qui

911 2363 1044 2427 iam
1075 2364 1325 2450 proelio
1354 2372 1746 2447 excesserat,
1767 2367 1995 2452 procul
2018 2367 2616 2443 animadvertisset,
2639 2365 2917 2434 incitato

913 2488 1081 2552 equo
1111 2490 1180 2533 se
1210 2469 1514 2535 hostibus
1543 2470 1795 2537 obtulit
1824 2476 2026 2557 atque
2057 2470 2453 2537 interfectus
2481 2475 2603 2536 est.
2941 2483 3008 2531 20

478 2587 669 2636 Caesar
789 2577 884 2634 13
1003 2572 1147 2639 Hoc
1196 2573 1375 2641 facto
1422 2574 1675 2662 proelio
1727 2573 1972 2642 Caesar
2023 2598 2236 2662 neque
2285 2574 2421 2640 iam
2474 2574 2605 2641 sibi
2664 2571 2921 2661 legatos

478 2654 711 2702 resolves
729 2657 786 2702 to

475 2720 655 2769 attack
675 2720 769 2768 the

477 2787 746 2835 Germana

478 2851 707 2901 instantl
715 2865 750 2914 y
771 2868 782 2900 :

476 2919 628 2967 their

481 2982 688 3032 leaders

479 3049 612 3098 wait
638 3063 785 3111 upon

478 3115 597 3164 him
620 3114 729 3163 and

480 3196 571 3231 are

479 3245 739 3298 arrested.

911 2677 1275 2745 audiendos
1304 2701 1518 2765 neque
1558 2680 1974 2747 condiciones
2009 2679 2423 2766 accipiendas
2458 2677 2922 2744 arbitrabatur

911 2780 998 2845 ab
1028 2781 1110 2847 iis
1147 2783 1261 2869 qui
1292 2805 1411 2870 per
1450 2783 1676 2850 dolum
1717 2790 1920 2871 atque
1957 2784 2233 2849 insidias
2274 2783 2490 2871 petita
2532 2804 2693 2870 pace
2737 2781 2922 2847 ultro

854 2901 884 2948 2
913 2885 1159 2950 bellum
1234 2887 1653 2969 intulissent3
1726 2892 2077 2975 expectare
2153 2909 2311 2953 vero
2387 2888 2545 2953 dum
2622 2886 2920 2952 hostium

915 2990 1141 3076 copiae
1171 2995 1580 3079 augerentur
1609 2994 2082 3079 equitatusque
2127 2996 2578 3058 reverteretur
2621 3011 2922 3056 summae
2947 3005 3010 3055 25

859 3111 888 3159 3
915 3092 1289 3161 dementiae
1340 3118 1479 3161 esse
1546 3096 1904 3178 iudicabat,
1957 3102 2027 3162 et
2085 3097 2354 3184 cognita
2411 3095 2755 3161 Gallorum
2817 3094 2924 3159 in-

918 3199 1234 3264 firmitate
1279 3204 1607 3285 quantum
1664 3201 1797 3266 iam
1843 3201 2023 3287 apud
2068 3222 2179 3266 eos
2224 3201 2446 3266 hostes
2490 3222 2626 3266 uno
2668 3198 2926 3286 proelio

916 3304 1338 3369 auctoritatis
1408 3310 1631 3371 essent
1687 3305 2021 3372 consecuti
2083 3303 2453 3385 sentiebat;
2529 3304 2776 3389 quibus
2834 3303 2926 3370 ad

918 3409 1193 3472 consilia
1249 3409 1571 3495 capienda
1623 3409 1792 3474 nihil
1852 3408 2053 3495 spatii
2113 3407 2410 3473 dandum
2470 3406 2921 3473 existimabat.

861 3535 887 3580 4
921 3510 1047 3576 His
1077 3514 1461 3579 constitutis
1498 3515 1696 3580 rebus
1737 3518 1806 3579 et
1839 3512 2113 3580 consilio
2142 3533 2293 3578 cum
2328 3512 2570 3599 legatis
2609 3516 2677 3577 et
2719 3531 2924 3597 quae·
2953 3529 3016 3576 30

916 3622 1094 3682 store
1153 3619 1654 3696 communicato,
1699 3640 1782 3683 ne
1835 3640 2031 3705 quem
2079 3617 2255 3682 diem
2315 3638 2580 3704 pugnae
2631 3620 2928 3703 praeter-

992 3801 1097 3875 §2
1132 3806 1410 3859 venissent.
1480 3803 1779 3874 Although
1815 3806 1984 3874 prius
2012 3842 2027 3858 .
2062 3840 2078 3857 .
2112 3846 2125 3861 .
2157 3821 2323 3874 quam
2352 3800 2487 3858 does
2529 3799 2632 3856 not
2669 3798 2851 3870 imply
2893 3818 2932 3856 a

920 3893 1179 3947 purpose,
1220 3876 1319 3930 the
1358 3874 1718 3946 subjunctive
1757 3874 1806 3930 is
1850 3892 2113 3932 necessar
2153 3917 2168 3943 ,
2209 3875 2448 3930 because
2485 3872 2589 3930 the
2630 3871 2823 3927 clause
2861 3872 2928 3927 in

923 3947 1110 4003 which
1137 3946 1187 4002 it
1209 3948 1408 4003 stands
1433 3947 1685 4019 depends
1708 3964 1860 4018 upon
1887 3963 1964 4002 an
1988 3955 2106 4002 αιοο
2169 3962 2283 4002 use.

993 4017 1023 4091 ξ
1048 4020 1098 4076 4.
1139 4021 1281 4077 Piso.
1358 4018 1563 4075 Notice
1601 4019 1733 4074 that
1766 4017 1883 4073 this
1917 4035 2050 4073 man
2075 4017 2191 4073 had
2212 4035 2249 4072 a
2274 4017 2493 4073 Roman
2523 4033 2707 4081 name,
2738 4013 2929 4070 which

920 4092 1099 4147 shows
1124 4092 1254 4147 that
1278 4092 1498 4147 Roman
1523 4090 1803 4146 influence
1830 4090 1945 4146 had
1972 4089 2137 4145 made
2161 4088 2327 4145 itself
2343 4087 2452 4144 felt
2470 4104 2608 4144 even
2632 4086 2694 4142 in
2721 4087 2931 4143 Seuth-

920 4164 1186 4219 Western
1211 4162 1358 4219 Gaul
1383 4180 1556 4232 many
1580 4179 1746 4231 years
1769 4161 1964 4220 before
1992 4160 2198 4218 Caesar
2220 4159 2460 4217 arrived.

991 4237 1085 4300 13.
1123 4232 1153 4306 ξ
1194 4236 1237 4290 1.
1272 4253 1377 4304 per
1408 4276 1422 4291 .
1463 4276 1476 4289 .
1516 4275 1529 4289 .
1570 4236 1809 4289 insidias
1847 4233 1896 4290 is
1936 4237 1997 4289 to
2037 4233 2107 4289 be
2145 4232 2323 4290 taken
2362 4231 2500 4288 with
2544 4234 2691 4287 ultro
2732 4231 2932 4285 bellum

924 4309 1249 4362 intulissent.

995 4376 1024 4450 ξ
1049 4380 1099 4433 4.
1157 4378 1215 4433 1f
1250 4377 1350 4433 the
1377 4378 1562 4433 clause
1591 4396 1658 4431 ne
1682 4395 1835 4449 quem
1860 4418 1873 4433 .
1902 4417 1914 4432 .
1956 4379 2446 4447 ‚praetermittet-et,
2477 4373 2667 4429 which
2707 4372 2933 4429 Meusel
