3177 5166
755 379 1490 449 COMMENTARIUS
1537 380 1675 445 VII
2101 387 2182 449 27
2188 387 2226 447 5

212 543 473 609 obsides
546 543 850 630 imperat,
910 547 1166 610 certum
1233 564 1585 609 numerum
1646 543 1937 610 militum
2007 545 2092 611 ad
2160 567 2229 611 se

212 647 512 713 celeriter
569 647 808 714 adduci
879 648 1081 726 iubet,
1140 670 1476 714 armorum
1538 654 1865 735 quantum
1931 670 2231 737 quaeque
2255 668 2285 716 8

214 751 452 819 civitas
490 753 668 818 domi
712 753 1018 839 quodque
1062 756 1219 819 ante
1259 758 1523 840 tempus
1563 752 1806 820 efficiat
1839 754 2230 834 constituit3
2322 824 2330 831 ‚

214 858 284 922 in
317 857 549 945 primis
584 858 915 944 equitatui
953 858 1197 924 studet.
1288 859 1603 924 Summae
1635 858 2019 947 diligentiae
2051 882 2230 925 sum·
2258 876 2288 922 9

157 988 186 1035 5
215 985 390 1027 mam
415 962 675 1049 imperii
707 963 1130 1029 severitatem
1155 962 1378 1042 addit3
1426 963 1891 1050 magnitudine
1922 964 2229 1052 supplicii

214 1068 600 1133 dubitantes
640 1069 837 1156 cogit.
930 1068 1106 1133 Nam
1138 1068 1386 1134 maiore
1427 1069 1777 1135 commisso
1805 1069 2048 1136 delicto
2090 1069 2230 1158 igni
2260 1083 2321 1131 10

214 1177 416 1258 atque
447 1172 755 1237 omnibus
790 1173 1140 1238 tormentis
1179 1176 1388 1250 necat,
1420 1172 1668 1239 leviore
1700 1173 1781 1239 de
1822 1195 2023 1240 causa
2051 1174 2231 1239 auri—

215 1276 341 1342 bus
363 1276 642 1343 desectis
670 1280 791 1342 aut
814 1276 1097 1364 singulis
1120 1278 1371 1343 effossis
1393 1277 1601 1343 oculis
1630 1276 1900 1343 domum
1925 1277 2231 1355 remittit,

217 1388 296 1447 ut
353 1381 491 1447 sint
542 1380 816 1467 reliquis
874 1381 1271 1448 documento
1330 1386 1400 1448 et
1458 1382 1921 1469 magnitudine
1984 1404 2233 1469 poenae

125 1513 189 1559 10
217 1488 633 1573 perterreant
676 1485 859 1551 alios

305 1589 433 1654 His
477 1589 820 1676 suppliciis
869 1590 1173 1655 celeriter
1215 1595 1442 1656 coacto
1487 1590 1803 1668 exercitu,
1846 1590 2232 1657 Lucterium
2261 1604 2306 1662 ὅ
2357 1606 2470 1656 'rho

218 1694 613 1772 Cadurcum,
672 1717 970 1788 summae
1031 1695 1363 1760 hominem
1425 1695 1761 1775 audaciae,
1821 1718 1972 1762 cum
2041 1701 2233 1783 parte
2354 1673 2635 1801 {iiffssfff

216 1799 555 1886 copiarum
605 1799 675 1864 in
724 1800 1023 1866 Rutenos
1071 1799 1320 1879 mittit3
1382 1801 1522 1887 ipse
1577 1800 1646 1864 in
1694 1800 2036 1889 Bituriges
2080 1824 2230 1887 pro·
2360 1806 2629 1883 insurrec-

108 1906 119 1915 '
218 1904 550 1971 ficiscitur.
620 1904 782 1970 Eius
804 1904 1100 1970 adventu
1126 1905 1465 1993 Bituriges
1486 1905 1572 1970 ad
1595 1905 1928 1987 Haeduos,
1952 1928 2232 1992 quorum
2260 1927 2289 1973 2
2361 1874 2494 1923 ‘¹⁰¹³'

124 2036 189 2084 15
219 2015 411 2076 erant
471 2008 541 2073 in
603 2009 748 2088 fide,
797 2010 1051 2097 legatos
1121 2010 1406 2076 mittunt
1474 2010 1847 2077 subsidium
1907 2015 2236 2097 rogatum,

219 2136 351 2199 quo
384 2113 645 2179 facilius
675 2113 967 2179 hostium
999 2115 1221 2201 copias
1260 2115 1590 2181 sustinere
1620 2115 1891 2201 possint.
1969 2114 2231 2179 Haedui
2262 2131 2290 2178 3

221 2219 301 2284 de
345 2217 619 2284 consilio
662 2218 1049 2305 legatorum,
1092 2240 1256 2304 quos
1303 2218 1549 2287 Caesar
1592 2218 1677 2284 ad
1723 2219 2088 2286 exercitum
2135 2241 2233 2284 re-

221 2323 525 2409 liquerat,
554 2323 776 2410 copias
817 2323 1158 2408 equitatus
1198 2323 1668 2410 peditatusque
1712 2324 2008 2390 subsidio
2045 2324 2233 2389 Bitu-

221 2428 478 2516 rigibus
500 2427 803 2494 mittunt.
854 2427 1158 2508 Quicum
1178 2428 1266 2494 ad
1288 2428 1537 2495 flumen
1558 2428 1851 2516 Ligerim
1877 2428 2236 2509 venissent,
2264 2439 2291 2486 4

124 2549 193 2598 20
222 2534 398 2620 quod
450 2532 789 2620 Bituriges
841 2532 926 2598 ab
979 2531 1279 2598 Haeduis
1330 2532 1593 2613 dividit,
1647 2554 1891 2620 paucos
1942 2532 2084 2600 dies
2141 2533 2235 2600 ibi

222 2639 464 2704 morati
496 2659 709 2723 neque
739 2637 987 2702 flumen
1017 2637 1305 2703 transire
1335 2637 1478 2703 ausi
1510 2638 1780 2703 domum
1805 2642 2238 2704 revertuntur

225 2742 591 2830 legatisque
631 2741 877 2807 nostris
917 2740 1309 2806 renuntiant
1352 2764 1421 2807 se
1463 2741 1846 2828 Biturigum
1891 2742 2237 2829 perfidiam
2264 2762 2294 2811 5

225 2848 473 2912 veritos
503 2844 876 2922 revertisse,
902 2844 1144 2930 quibus
1180 2844 1250 2909 id
1280 2845 1536 2911 consilii
1568 2845 1775 2912 fuisse
1805 2847 2240 2934 cognoverint

226 2958 321 3031 ut,
365 2952 421 3017 si
474 2951 722 3016 flumen
782 2950 1201 3029 transissent,
1245 2971 1380 3015 una
1438 2972 1523 3016 ex
1583 2955 1775 3037 parte
1836 2951 1982 3038 ipsi,
2028 2952 2241 3018 altera

128 3074 197 3123 25
226 3055 514 3121 Arverni
559 3078 629 3120 se
666 3053 1244 3121 circumsisterent.
1336 3054 1418 3119 Id
1465 3077 1629 3120 eane
1673 3054 1756 3120 de
1796 3077 1995 3122 causa
2040 3077 2239 3142 quam
2267 3074 2296 3121 6

226 3162 464 3248 legatis
514 3159 1104 3248 pronuntiaverint
1155 3182 1240 3224 an
1290 3159 1570 3246 perfidia
1623 3159 1892 3226 adducti
1942 3161 2241 3241 fecerint,

228 3265 404 3352 quod
448 3264 618 3329 nihil
661 3264 852 3330 nobis
895 3267 1172 3343 constat,
1220 3286 1354 3329 non
1400 3264 1669 3330 videtur
1711 3284 1833 3350 pro
1878 3269 2058 3330 certo
2102 3287 2241 3330 esse

226 3370 623 3458 ponendum.
715 3369 1051 3456 Bituriges
1097 3390 1324 3434 eorum
1369 3368 1656 3434 discessu
1707 3368 1938 3434 statim
1982 3391 2052 3434 se
2090 3391 2240 3435 cum
2268 3388 2296 3439 7

228 3474 553 3540 Arvernis
598 3473 1032 3560 coniungunt.

129 3599 201 3647 :30
319 3579 446 3644 His
497 3579 693 3643 rebus
745 3576 814 3641 in
866 3574 1137 3641 Italiam
1191 3575 1460 3643 Caesari
1510 3576 1857 3655 nuntiatis,
1902 3599 2052 3644 cum
2105 3578 2238 3643 iam
2267 3593 2312 3650 Β
2369 3591 2559 3640 Caesar

229 3685 341 3750 ille
393 3684 682 3749 urbanas
749 3703 853 3747 res
912 3680 1166 3746 virtute
1229 3679 1350 3747 Cn.
1402 3680 1672 3768 Pompei
1733 3682 2240 3750 commodiorem
2367 3658 2519 3773 {fffil‘
2519 3657 2677 3771 ”1⁸1⁸de

302 3877 360 3939 5,
388 3871 417 3944 ξ
449 3873 500 3926 2.
542 3874 604 3925 in
622 3873 743 3940 fide
770 3869 814 3924 is
839 3870 974 3926 here
1000 3869 1198 3940 nearly
1223 3869 1552 3942 equivalent
1584 3872 1646 3926 to
1680 3874 1743 3925 in
1777 3873 1948 3926 tutela
1976 3870 2074 3940 (cf.
2099 3870 2159 3938 ii,
2189 3874 2238 3935 3,

234 3944 264 4018 ξ
301 3945 378 4014 2),
405 3944 656 4000 whereas
694 3942 755 3996 in
790 3942 845 4013 4,
878 3940 908 4015 ξ
947 3944 981 3997 5
1018 3941 1068 3997 it
1105 3960 1298 3998 means
1337 3941 1429 3997 ‘in
1465 3941 1778 4014 allegiance
1795 3942 1825 4009 ²,
1862 3942 1962 3998 i.e.
2002 3942 2241 4013 ‘loyal'.

234 4021 478 4085 Quorum
500 4022 658 4070 erant
676 4017 737 4068 in
740 4017 862 4083 fide
880 4011 1072 4084 might
1089 4014 1161 4069 be
1180 4013 1493 4070 translated
1510 4014 1587 4084 by
1611 4019 1624 4043 ‘
1644 4014 1830 4071 whose
1851 4013 2241 4086 overlordship

230 4088 370 4158 they
390 4085 836 4158 acknowledged
855 4086 868 4108 '
897 4103 962 4141 or
988 4089 1001 4113 ‘
1020 4085 1209 4142 whose
1235 4086 1595 4155 dependants
1620 4085 1760 4156 they
1783 4102 1932 4142 were
1951 4085 1983 4140 '.

365 4161 415 4214 3.
458 4161 534 4214 ad
558 4161 863 4213 exercitum.
937 4155 1042 4213 See
1068 4156 1138 4224 vi,
1166 4158 1256 4224 44,
1284 4155 1314 4230 ξ
1342 4157 1392 4212 3.

365 4232 415 4285 5.
454 4233 807 4299 cognoverint.
879 4228 983 4284 See
1012 4227 1113 4285 the
1145 4232 1282 4284 note
1309 4246 1382 4284 on
1411 4227 1446 4294 i,
1475 4228 1561 4294 31,
1588 4225 1619 4300 ξ
1646 4228 1700 4283 8.
1786 4228 1811 4282 1
1849 4226 2070 4284 believe
2110 4227 2243 4283 that

234 4304 335 4359 the
373 4301 624 4374 primary
646 4303 811 4357 tense
845 4299 895 4355 is
924 4301 1061 4356 used
1092 4301 1230 4356 here
1268 4301 1504 4356 because
1533 4300 1635 4355 the
1659 4298 1845 4355 Aedui
1874 4299 1987 4355 had
2013 4302 2243 4370 recently

232 4373 589 4432 ascertained
616 4372 713 4429 the
741 4371 1064 4428 intentioris
1086 4372 1153 4428 of
1171 4371 1271 4428 the
1299 4370 1485 4426 Bituri
1560 4389 1602 4427 s.
1665 4371 1749 4426 Cf.
1776 4369 1837 4438 ii,
1866 4373 1919 4440 4,
1946 4369 2012 4497 ῗξ
2038 4372 2088 4438 2,
2112 4371 2164 4436 4,
2190 4372 2242 4428 7.

304 4443 416 4518 αξ
446 4447 493 4500 1.
535 4445 633 4501 Cn.
648 4447 883 4515 Pompei.
944 4443 1198 4515 Pompey
1217 4441 1467 4513 hadjust
1524 4459 1628 4500 een
1643 4442 1868 4500 elected
1889 4459 1950 4499 so
1974 4460 2006 4500 e
2022 4443 2238 4501 consul.

1176 4536 1291 4598 ‘r2
