3177 5166
789 328 1518 397 COMMENTARIUS
1564 329 1736 394 VIII
2148 335 2277 397 393

259 492 703 579 Aquitaniam
730 513 1095 578 numquam
1126 491 1266 578 ipse
1295 492 1561 569 adisset,
1583 493 1697 559 sed
1727 515 1847 580 per
1868 494 1937 561 P.
1965 493 2281 560 Crassum

260 597 550 684 quadam
599 620 683 663 ex
734 600 927 683 parte
981 596 1350 676 devicisset,
1389 619 1541 663 cum
1594 597 1855 665 duabus
1906 598 2281 687 legionibus

260 702 334 767 in
366 725 509 768 eam
550 706 809 790 partem
841 702 1100 769 Galliae
1143 708 1244 769 est
1272 702 1631 790 profectus,
1662 707 1742 768 ut
1770 702 1867 768 ibi
1908 708 2280 769 extremum
2380 742 2385 747 -

264 812 528 895 tempus
597 811 1015 874 consumeret
1083 808 1504 874 aestivorum.
1597 808 1815 888 Quam
1884 830 2026 874 rem
2084 808 2340 874 sicuti2

205 938 237 987 5
264 918 486 980 cetera
529 913 834 980 celeriter
877 912 1290 1000 feliciterque
1341 913 1662 994 confecit3
1723 935 2008 1000 namque
2057 935 2283 980 omnes

265 1018 672 1104 Aquitaniae
724 1017 1034 1085 civitates
1091 1017 1347 1105 legatos
1405 1018 1491 1083 ad
1546 1016 1896 1084 Caesarem
1956 1018 2283 1084 miserunt

266 1122 657 1209 obsidesque
717 1122 778 1187 ei
845 1122 1193 1188 dederunt.
1281 1121 1540 1203 Quibus
1610 1122 1807 1188 rebus
1865 1122 2072 1209 gestis
2140 1123 2282 1209 ipse
2308 1140 2338 1189 3

265 1248 416 1293 cum
447 1226 777 1313 praesidio
807 1226 1107 1312 equitum
1139 1226 1524 1292 Narbonem
1564 1224 1903 1314 profectus
1942 1231 2061 1306 est,
2092 1249 2281 1293 exer-

265 1331 471 1398 citum
520 1353 638 1417 per
683 1330 936 1418 legatos
986 1332 1057 1396 in
1102 1332 1382 1397 hiberna
1427 1332 1745 1397 deduxit:
1804 1331 1953 1397 IIII
1991 1332 2280 1419 legiones
2308 1352 2336 1402 4

169 1456 239 1506 10
266 1437 338 1501 in
388 1435 620 1522 Belgio
670 1435 1042 1502 conlocavit
1082 1457 1234 1501 cum
1284 1437 1368 1503 M.
1401 1437 1697 1503 Antonio
1742 1442 1812 1503 et
1849 1436 1923 1503 G.
1954 1436 2283 1503 Trebonio

267 1544 336 1606 et
374 1539 440 1606 P.
475 1539 750 1606 Vatinio
781 1545 849 1606 et
880 1591 893 1606 .
928 1591 941 1604 .
976 1589 990 1604 .
1022 1539 1280 1627 legatiS,
1313 1540 1479 1606 duas
1519 1541 1813 1629 legiones
1849 1541 1922 1606 in
1964 1541 2282 1607 Haeduos

267 1643 570 1725 deduxit,
603 1667 884 1732 quorum
921 1644 994 1709 in
1034 1644 1214 1710 omni
1246 1645 1466 1711 Gallia
1504 1669 1832 1712 summam
1874 1668 2013 1712 esse
2053 1651 2280 1713 aucto-

266 1749 538 1815 ritatem
584 1748 854 1826 sciebat,
891 1749 1058 1815 duas
1109 1748 1180 1814 111
1226 1749 1512 1815 Turonis
1563 1750 1651 1816 ad
1696 1751 1861 1817 fines
1905 1751 2279 1818 Carnutum

267 1853 521 1939 posuit,
585 1876 754 1941 quae
833 1876 1095 1919 omnem
1172 1854 1358 1919 illam
1445 1855 1781 1942 regionem
1862 1856 2282 1923 coniunctam

169 1982 238 2031 15
269 1958 532 2025 Oceano
612 1958 1048 2041 continerent,
1109 1959 1275 2024 duas
1349 1960 1638 2046 reliquas
1712 1960 1783 2025 in
1857 1960 2283 2027 Lemovicum

268 2064 514 2131 finibus
564 2086 699 2129 non
745 2063 942 2152 longe
990 2063 1075 2129 ab
1123 2063 1464 2145 Arvernis,
1509 2087 1592 2131 ne
1639 2088 1772 2151 qua
1821 2087 1976 2153 pars
2028 2064 2284 2132 Galliae

268 2188 482 2233 vacua
510 2167 596 2232 ab
619 2167 916 2234 exercitu
948 2171 1137 2234 esset.
1212 2167 1366 2256 Ipse
1395 2190 1640 2255 paucos
1670 2169 1811 2235 dies
1840 2170 1911 2235 in
1941 2170 2285 2258 provincia
2312 2191 2341 2241 5

266 2278 583 2352 moratus,
619 2296 770 2339 cum
816 2273 1118 2340 celeriter
1161 2295 1388 2340 omnes
1430 2280 1800 2342 conventus
1844 2277 2286 2363 percucurris-

267 2382 389 2457 set,
449 2377 747 2465 publicas
816 2379 1300 2445 controversias
1367 2385 1734 2467 cognosset,
1794 2381 1959 2447 bene
2028 2381 2286 2448 meritis

165 2507 238 2555 20
267 2482 564 2568 praemia
621 2482 1490 2571 tribuisset—cognoscendi
1546 2485 1723 2550 enim
1779 2487 2138 2552 maximam
2185 2486 2283 2552 fa·
2311 2502 2341 2549 6

267 2586 587 2653 cultatem
620 2588 909 2654 habebat
927 2588 1110 2675 quali
1134 2589 1412 2676 quisque
1431 2590 1656 2657 animo
1684 2591 1756 2656 in
1782 2613 1920 2657 rem
1951 2591 2283 2678 publicam

340 2841 447 2905 46,
472 2838 502 2914 ξ
527 2841 578 2898 4.
618 2859 739 2896 cum
765 2843 1101 2897 M.Antom‘o
1127 2883 1139 2895 .
1170 2883 1182 2896 .
1213 2882 1227 2896 .
1255 2844 1459 2913 legati-3.
1519 2842 1685 2900 After
1708 2845 1949 2900 Antonio
1974 2844 2286 2900 Mommsen

271 2912 350 2981 (J.
371 2913 454 2979 B„
485 2912 640 2980 1894,
671 2931 726 2983 p.
756 2912 885 2982 213)
907 2931 1012 2983 sup
1055 2913 1171 2970 lied
1196 2923 1498 2985 quaestore:
1534 2915 1640 2971 but
1674 2915 1951 2987 although
1977 2916 2205 2987 Antony
2234 2916 2286 2972 is

270 2982 460 3039 called
491 3002 526 3039 a
592 2988 820 3042 uaestor
844 2984 904 3039 in
938 2985 971 3038 2
998 2932 1053 3058 ξ
1059 2985 1104 3053 1,
1135 2985 1206 3040 24
1231 2985 1261 3058 ξ
1288 2987 1338 3054 2,
1368 2988 1482 3043 and
1515 2988 1583 3042 38
1612 2985 1640 3060 ξ
1671 2988 1716 3052 1,
1748 2986 1807 3043 Ρ.
1836 2986 2075 3056 Groebe,
2100 2987 2161 3043 in
2193 2988 2285 3043 his

274 3054 488 3111 revised
526 3071 557 3112 e
604 3055 745 3112 ‘tion
783 3057 849 3111 of
879 3055 1221 3113 Drumann’s
1264 3060 1446 3113 Gesch.
1480 3061 1647 3114 Rome
1693 3057 1796 3127 (iii,
1837 3059 1994 3128 1906,
2035 3080 2090 3132 p.
2135 3060 2280 3128 698),

270 3144 477 3197 argues
501 3126 630 3183 that
654 3127 715 3182 in
743 3127 840 3183 the
866 3131 1107 3183 autumn
1133 3129 1199 3183 of
1217 3130 1287 3184 50
1314 3145 1369 3184 Β.
1389 3144 1438 3185 0.
1467 3131 1540 3186 118
1567 3149 1698 3201 may
1723 3129 1866 3186 have
1893 3132 2094 3188 ceased
2125 3135 2186 3188 to
2212 3132 2283 3186 be

271 3215 416 3262 0118;
466 3198 555 3253 for
603 3198 701 3255 the
743 3216 979 3271 passage
1025 3198 1086 3254 in
1132 3202 1217 3266 50,
1262 3199 1292 3273 ,δ
1334 3202 1361 3255 1
1409 3201 1471 3255 111
1515 3202 1703 3257 which
1747 3219 1917 3259 occur
1958 3204 2060 3261 the
2101 3202 2285 3258 words

269 3271 348 3323 Μ.
390 3272 641 3335 Antonii,
685 3274 983 3343 quaestoris
1023 3275 1129 3337 sui,
1176 3273 1426 3344 perhaps
1470 3274 1624 3330 refer
1664 3278 1725 3330 to
1769 3292 1843 3329 an
1884 3274 2090 3331 earlier
2128 3274 2284 3330 time.

272 3341 524 3407 Besides,
555 3341 755 3399 Cicero
794 3342 991 3410 (Fam,
1026 3341 1084 3408 ii,
1119 3343 1202 3410 18,
1304 3346 1358 3412 3)
1386 3345 1593 3416 speaks
1630 3346 1696 3401 of
1726 3350 2045 3417 quaestoriis
2080 3349 2281 3415 leyatis.

270 3413 436 3469 After
467 3414 683 3470 Vatinio
704 3430 787 3469 we
812 3413 929 3470 find
954 3415 1015 3470 in
1041 3418 1134 3482 86
1166 3418 1245 3470 Tu
1271 3419 1345 3471 lio
1368 3419 1556 3486 leyato,
1578 3416 1640 3472 in
1666 3419 1785 3472 ΒΜ
1804 3421 2009 3487 leyatae‘s,
2030 3419 2143 3474 and
2168 3417 2229 3472 in
2249 3440 2287 3488 χ

269 3486 458 3553 leyato.
539 3487 718 3542 Tull-lo
759 3485 926 3542 could
970 3487 1106 3557 only
1149 3505 1314 3544 mean
1355 3488 1597 3555 Quintus
1636 3488 1858 3545 'Pullius
1900 3489 2129 3554 Cicero;
2180 3489 2285 3545 but

266 3555 422 3613 after
455 3557 556 3612 the
591 3556 793 3613 winter
827 3556 893 3613 of
922 3558 1095 3614 52-51
1126 3574 1181 3613 Β.
1201 3574 1253 3616 c,
1284 3559 1355 3616 he
1395 3559 1502 3617 lest
1537 3560 1684 3616 Gaul
1719 3559 1835 3616 and
1872 3559 2067 3619 served
2103 3561 2286 3617 under

267 3627 360 3682 his
392 3628 630 3686 brother
659 3629 721 3684 in
751 3628 956 3685 Cilicia
978 3630 1131 3701 (Act,
1161 3650 1210 3699 V,
1241 3632 1288 3697 1,
1315 3630 1344 3704 ξ
1369 3632 1436 3696 4;
1474 3631 1565 3700 21,
1595 3631 1624 3705 §
1651 3632 1717 3697 63
1754 3636 1931 3701 Fam„
1955 3653 2044 3702 xv,
2069 3634 2121 3702 4,
2150 3632 2179 3705 ξ
2207 3633 2282 3700 8).

272 3698 365 3770 [In
411 3702 467 3754 Ο.
489 3703 573 3769 G„
598 3719 655 3771 p.
684 3702 805 3767 565,
845 3700 869 3754 I
902 3719 1013 3757 was
1049 3720 1247 3773 wrong
1283 3703 1344 3758 in
1380 3704 1585 3776 saying
1624 3706 1704 3759 ‘it
1740 3702 1787 3759 is
1825 3709 1927 3761 not
1962 3704 2282 3775 absolutely

267 3770 490 3826 certain
514 3772 644 3828 that
668 3771 911 3840 Quintus
933 3772 1157 3830 arrived
1194 3775 1257 3829 in
1284 3774 1488 3830 Cilicia
1510 3776 1705 3832 before
1729 3775 1764 3830 J
1767 3793 1949 3832 anuar
1994 3820 2007 3846 ,
2033 3778 2103 3832 50
2119 3775 2178 3846 '.]

341 3861 552 3898 omnem
577 3885 589 3899 .
619 3885 631 3897 .
658 3884 672 3900 .
706 3845 1104 3912 Omana-the
1129 3844 1497 3904 Aremorican
1534 3853 1691 3903 coast
1722 3847 1817 3917 (cf.
1841 3848 1927 3912 31,
2006 3849 2074 3920 4),
2095 3847 2281 3904 which

265 3914 586 4042 οοωέῧωιά
613 3915 714 3971 the
740 3920 981 3986 country
1007 3917 1264 3975 between
1287 3919 1388 3975 the
1423 3918 1590 3975 Loire
1620 3920 1733 3976 and
1757 3919 1856 3975 the
1892 3920 2061 3978 Seine
2091 3921 2175 3992 (C.
2201 3921 2286 3985 G„

265 4004 347 4058 Pp
402 4058 453 4113 5.
495 3987 794 4116 eminemus.
870 4060 975 4118 See
1000 4061 1099 4117 the
1126 4065 1262 4119 note
1288 4079 1362 4118 on
1387 4061 1424 4129 i,
1454 4062 1540 4132 54,
1568 4061 1599 4137 ξ
1626 4063 1675 4118 3.

357 4206 368 4217 ·
398 4131 451 4187 6.
486 4133 641 4218 guali
665 4171 677 4185 .
708 4173 731 4214 ·.
749 4172 763 4187 .
777 4135 993 4202 fuisset.
1055 4131 1176 4190 The
1203 4133 1444 4206 reading
1468 4134 1532 4190 of
1550 4159 1582 4188 a
1607 4133 1656 4189 is
1680 4136 1834 4206 quali
1856 4137 2076 4207 quisque
2086 4137 2289 4217 suisset

266 4203 986 4347 am.²²t.3‘.⁰²‚³2⁸;.f²3;?
1008 4205 1410 4345 aasz
1451 4206 2288 4343 1811113311111831

267 4348 330 4400 in
356 4365 468 4402 rem
489 4348 786 4417 publicam.
860 4319 1155 4419 Similarly
1179 4350 1241 4403 P.
1260 4352 1324 4404 R.
1351 4349 1400 4405 is
1434 4367 1470 4406 a
1504 4367 1770 4407 common
1801 4350 2193 4408 abbreviation
2228 4350 2294 4405 of

263 4421 506 4490 populus
537 4421 836 4474 Romanus.

2407 500 2503 550 the
2526 501 2695 564 Aqui·

2407 567 2645 631 taniam,

2407 1343 2720 1394 distributas

2408 1411 2497 1460 his
2512 1410 2719 1472 legions

2409 1478 2470 1526 in
2496 1478 2719 1526 winter-

2409 1547 2675 1606 quartem,

2411 2187 2521 2238 and
2541 2186 2701 2240 visits

2412 2254 2506 2333 the
2527 2253 2655 2303 Pro·

2411 2336 2581 2372 vince.
