3177 5166
857 276 945 339 64
1410 272 1530 337 DE
1577 271 1867 337 BELLO
1914 271 2307 337 GALLICO

426 456 694 505 Procillus
859 444 1131 505 tranare
1208 437 1696 504 contenderunt
1774 441 1897 503 aut
1975 436 2293 502 lintribus
2366 436 2661 502 inventis
2744 436 2873 501 sibi

423 523 626 639 figlina
803 561 833 609 3
859 544 1145 610 salutem
1203 545 1664 629 reppererunt.
1775 541 1859 606 In
1925 542 2033 607 his
2103 541 2238 607 fuit
2298 541 2696 618 AriovistuS,
2755 541 2871 627 qui

425 654 610 705 saved·
860 647 1238 714 naviculam
1288 647 1650 734 deligatam
1708 645 1794 712 ad
1847 646 2060 733 ripam
2113 650 2351 713 nactus
2401 668 2481 711 ea
2533 645 2873 733 profugit3

862 753 1152 839 reliquos
1183 773 1410 818 omnes
1449 750 1783 818 consecuti
1825 752 2085 837 equites
2124 750 2334 816 nostri
2375 750 2873 816 interfecerunt.

809 869 837 918 4
863 857 1054 923 Duae
1105 856 1385 922 fuerunt
1432 855 1759 923 Ariovisti
1813 877 2072 935 uxoreS,
2126 878 2264 920 una
2317 855 2539 921 Sueba
2585 855 2873 933 natione,
2903 865 2935 913 5

864 983 1065 1049 quam
1134 960 1329 1026 domo
1395 982 1618 1027 secum
1688 960 2030 1037 eduxerat,
2089 960 2305 1025 altera
2374 959 2637 1039 Norica,
2699 959 2877 1046 regis

863 1064 1210 1132 Voccionis
1270 1087 1473 1141 soror,
1533 1086 1734 1150 quam
1794 1064 1865 1128 in
1927 1063 2148 1129 Gallia
2206 1064 2497 1129 duxerat
2560 1086 2603 1128 a
2668 1064 2877 1129 fratre

861 1170 1165 1235 missam:
1213 1174 1496 1255 utraque
1526 1170 1599 1232 in
1621 1191 1710 1236 ea,
1724 1168 1886 1254 fuga
1908 1168 2143 1255 periit3
2188 1167 2360 1233 duae
2381 1167 2592 1233 filiae:
2637 1168 2877 1232 harum

807 1286 835 1334 5
861 1273 1077 1338 altera
1116 1273 1344 1352 occisa,
1378 1273 1591 1338 altera
1632 1277 1830 1359 capta
1873 1277 1993 1337 est.
2082 1271 2158 1338 C.
2190 1271 2498 1337 Valerius
2539 1271 2880 1350 Procillus,

863 1399 1013 1444 cum
1059 1400 1101 1443 a
1141 1376 1526 1443 custodibus
1570 1376 1642 1441 in
1689 1375 1854 1463 fuga
1899 1376 2096 1441 trinis
2139 1376 2393 1441 catenis
2432 1377 2697 1442 vinctus
2742 1379 2880 1441 tra·
2908 1386 2975 1433 10

864 1483 1156 1563 heretur‚
1213 1481 1287 1546 in
1345 1482 1566 1567 ipsum
1628 1480 1977 1548 Caesarem
2036 1481 2260 1547 hostes
2330 1480 2636 1566 equitatu
2705 1481 2879 1546 inse-

809 1605 839 1652 6
866 1591 1179 1673 quentem
1210 1584 1467 1652 incidit.
1554 1585 1740 1665 Quae
1771 1584 2040 1671 quidem
2071 1606 2176 1650 res
2205 1583 2475 1651 Caesari
2504 1607 2638 1652 non
2669 1585 2882 1652 mino-

865 1713 1007 1757 rem
1078 1712 1277 1776 quam
1349 1689 1496 1776 ipsa
1556 1689 1841 1755 victoria
1899 1688 2315 1776 voluptatem
2387 1690 2636 1768 attulit,
2703 1689 2883 1775 quod

867 1796 1203 1862 hominem
1278 1793 1818 1859 honestissimum
1890 1793 2273 1880 provinciae
2346 1793 2620 1870 Galliae,
2685 1816 2882 1859 suum

868 1899 1269 1965 familiarem
1299 1903 1368 1964 et
1407 1898 1758 1985 hospitem,
1787 1902 2088 1984 ereptum
2118 1920 2203 1963 ex
2239 1898 2548 1962 manibus
2588 1898 2881 1963 hostium
2909 1921 2971 1968 15

868 2002 996 2068 sibi
1027 2001 1417 2068 restitutum
1450 2001 1722 2068 videbat
1751 2024 1966 2088 neque
1994 2002 2137 2066 eius
2165 2001 2545 2068 calamitate
2576 2002 2658 2067 de
2689 2006 2883 2068 tanta

869 2109 1217 2194 voluptate
1275 2112 1344 2172 et
1399 2106 1850 2193 gratulatione
1917 2106 2271 2192 quicquam
2340 2105 2615 2171 fortuna
2675 2105 2882 2171 demi-

815 2226 842 2277 7
870 2217 1129 2278 nuerat.
1219 2212 1290 2277 Is
1325 2234 1395 2277 se
1432 2216 1778 2299 praesente
1809 2212 1891 2276 de
1929 2232 1999 2276 se
2029 2214 2134 2275 ter
2173 2210 2465 2275 sortibus
2503 2211 2882 2276 consultum

872 2317 1151 2394 dicebat,
1211 2322 1441 2383 utrum
1501 2316 1643 2403 igni
1710 2316 1940 2381 statim
2000 2319 2348 2381 necaretur
2415 2338 2502 2380 an
2560 2316 2633 2379 in
2698 2314 2884 2380 aliud

871 2426 1136 2508 tempus
1194 2428 1681 2487 reservaretur:
1748 2420 2030 2486 sortium
2082 2419 2397 2485 beneficio
2456 2441 2526 2484 se
2586 2441 2725 2484 esse
2783 2419 2884 2483 in·
2910 2437 2975 2483 20

815 2543 844 2593 8
871 2526 1214 2594 columem.
1304 2525 1477 2592 Item
1531 2526 1621 2592 Μ.
1674 2525 1922 2592 Metius
1973 2527 2275 2612 repertus
2326 2529 2396 2591 et
2445 2524 2533 2590 ad
2584 2545 2734 2590 eum
2784 2545 2883 2588 re-

873 2632 1114 2698 ductus
1158 2636 1277 2697 est.

439 2755 655 2804 Rosults
676 2755 738 2804 of
750 2747 849 2804 54
963 2736 1109 2803 Hoc
1147 2736 1399 2824 proelio
1439 2741 1626 2802 trans
1672 2734 1980 2800 Rhenum
2021 2734 2353 2814 nuntiatO,
2390 2734 2613 2811 Suebi,
2643 2734 2756 2821 qui
2797 2734 2885 2799 ad

437 2821 678 2949 ξζζῖξῗ
875 2841 1055 2928 ripas
1086 2840 1302 2906 Rheni
1335 2845 1677 2916 venerant,
1701 2839 1970 2905 domum
2003 2839 2248 2905 reverti
2281 2844 2675 2925 coeperunt3
2721 2861 2886 2926 quos

440 2955 509 3002 ho
532 2967 690 3030 quar·
875 2945 991 3010 ubi
1044 2944 1159 3032 qui
1218 2945 1506 3031 proximi
1560 2943 1868 3009 Rhenum
1928 2944 2230 3009 incolunt
2288 2943 2677 3030 perterritos
2735 2966 2884 3009 sen·
2912 2959 2977 3008 25

438 3019 700 3147 ἓξὲξ,
875 3053 1125 3128 serunt,
1155 3049 1437 3115 insecuti
1477 3070 1796 3134 magnum
1842 3069 1927 3112 ex
1966 3046 2050 3112 iis
2090 3069 2440 3112 numerum
2482 3047 2884 3114 occiderunt.

441 3151 749 3266 ἓὺῗζίιῡῡθὲ
817 3170 847 3217 2
876 3153 1121 3220 Caesar
1170 3175 1306 3218 una
1358 3156 1614 3218 aestate
1659 3151 1916 3217 duobus
1968 3151 2279 3216 maximis
2325 3151 2518 3217 bellis
2566 3151 2888 3217 confectis

440 3233 500 3331 (¹,ss
522 3231 710 3332 21:2⁸⁰
874 3257 1203 3324 maturius
1267 3258 1468 3344 paulo
1535 3278 1736 3342 quam
1799 3260 2065 3342 tempus
2131 3255 2293 3319 anni
2362 3256 2747 3342 postulabat
2813 3256 2886 3320 in

440 3350 695 3411 Sequani.
875 3362 1159 3428 hiberna
1222 3361 1292 3427 in
1355 3361 1697 3447 Sequanos
1770 3360 2134 3427 exercitum
2195 3359 2514 3441 deduxit3
2587 3360 2887 3426 hibernis

875 3534 978 3590 the
1014 3532 1292 3589 Germans
1330 3533 1442 3589 fled
1478 3549 1669 3588 across
1712 3533 1810 3589 the
1855 3532 1928 3586 Ill
1970 3534 2031 3587 to
2069 3531 2173 3587 the
2211 3535 2438 3588 nearest
2480 3529 2646 3602 point
2681 3530 2747 3586 of
2781 3531 2884 3586 the

877 3604 1083 3672 Rhine,
1101 3605 1216 3660 and
1241 3604 1451 3670 others,
1470 3603 1596 3660 who
1624 3605 1863 3674 escaped
1887 3603 2132 3674 pursuit,
2161 3604 2404 3659 towards
2429 3602 2730 3674 Strasburg
2746 3607 2778 3658 ⁸?
2830 3602 2890 3655 If

878 3676 955 3731 all
983 3675 1090 3731 fled
1120 3676 1189 3731 50
1215 3674 1395 3741 miles,
1422 3675 1696 3757 fugitives
1719 3677 1836 3731 and
1859 3693 2121 3746 pursuers
2156 3678 2306 3730 must
2338 3675 2479 3731 both
2516 3675 2658 3730 have
2696 3673 2886 3729 tested

877 3747 937 3802 in
963 3751 1063 3802 the
1089 3746 1277 3817 night,
1302 3748 1366 3802 of
1396 3748 1584 3803 which
1610 3747 1817 3802 Caesar
1841 3764 1967 3816 says
1991 3745 2239 3817 nothing
2261 3748 2345 3818 (C.
2363 3747 2444 3811 G„
2472 3764 2567 3816 pp.
2592 3745 2815 3811 655-7).

949 3816 979 3890 ᾗ
1003 3819 1053 3873 5.
1092 3823 1274 3874 tm'm‘s.
1324 3818 1444 3874 The
1462 3817 1827 3876 distributive
1846 3817 1896 3873 is
1920 3834 2238 3887 necessary,
2255 3818 2498 3874 because
2524 3816 2726 3872 Caesar
2749 3816 2887 3887 only

874 3907 1000 3946 uses
1024 3899 1241 3945 catenae
1263 3889 1325 3945 in
1354 3890 1452 3946 the
1478 3889 1683 3961 plural.

1005 3961 1054 4015 6.
1093 3964 1370 4033 hospitem.
1445 3961 1552 4017 See
1578 3961 1679 4017 the
1704 3963 1837 4017 note
1864 3979 1935 4017 on
1963 3960 2050 4024 47,
2077 3959 2107 4085 Ῠ
2131 3960 2167 4014 4
2184 3959 2488 4032 (hospitio).
2567 4005 2572 4010 .

1010 4033 1059 4085 7.
1098 4041 1193 4088 ter.
1255 4033 1454 4098 Three,
1482 4050 1546 4089 as
1568 4033 1831 4088 studente
1853 4032 1919 4087 of
1939 4032 2080 4087 folk·
2103 4050 2200 4089 ore
2225 4032 2411 4096 know,
2437 4032 2538 4086 has
2564 4048 2779 4101 among
2803 4030 2886 4085 all

878 4105 1112 4174 peoples
1133 4105 1279 4161 been
1306 4105 1584 4174 regarded
1610 4122 1670 4159 as
1695 4123 1731 4160 a
1752 4104 1950 4159 sacred
1973 4104 2229 4158 number.

951 4178 1056 4241 54,
1081 4174 1111 4247 ξ
1136 4176 1189 4230 2.
1238 4180 1302 4230 ae'n
1326 4178 1551 4230 hiberna
1576 4218 1591 4232 .
1618 4217 1632 4230 .
1659 4217 1673 4230 .
1699 4179 1941 4230 deduxit.
1994 4175 2114 4230 The
2138 4174 2493 4239 battle-field,
2519 4174 2668 4229 from
2694 4172 2883 4228 which

879 4245 1086 4301 Caesar
1110 4246 1206 4304 led
1238 4247 1330 4302 his
1360 4264 1520 4318 army
1554 4250 1617 4301 in
1639 4250 1927 4318 Sequanos,
1955 4263 2070 4301 was
2104 4245 2266 4302 itself
2295 4245 2358 4299 in
2393 4246 2664 4316 territory
2698 4244 2886 4300 which

878 4316 994 4373 had
1017 4317 1297 4390 belonged
1323 4323 1385 4375 to
1412 4320 1510 4375 the
1537 4318 1803 4388 Sequani,
1825 4320 1931 4374 but
1956 4318 2142 4373 which
2169 4316 2483 4373 Ariovistus
2506 4317 2619 4374 had
2645 4317 2886 4374 wrested
