3177 5166
896 306 1026 371 212
1464 301 1584 366 DE
1634 301 1918 369 BELLO
1965 302 2360 371 GALLICO

897 465 1161 550 quebat,
1209 468 1287 531 ut
1346 464 1526 530 ultro
1584 464 1876 531 militum
1935 486 2254 531 concursu
2315 488 2391 532 ac
2450 467 2723 533 vocibus
2781 466 2912 531 sibi

897 592 1165 658 parcere
1204 574 1569 658 cogeretur.

440 713 626 763 cicero
684 663 715 671 ’
767 692 862 749 41
981 677 1150 741 Tum
1204 676 1403 742 duces
1461 674 1924 762 principesque
1977 674 2398 753 Nerviorum,
2453 676 2567 763 qui
2619 676 2914 763 aliquem

438 779 644 908 2'00201138
669 780 749 828 ‘to
895 780 1217 847 sermonis
1261 779 1524 847 aditum
1568 801 1970 866 causamque
2015 780 2348 847 amicitiae
2392 803 2542 847 cum
2594 780 2913 848 Cicerone

439 914 610 962 terma
834 908 864 955 2
896 885 1249 964 habebant,
1278 884 1584 971 conloqui
1626 906 1768 950 sese
1798 883 1971 951 velle
2001 884 2251 952 dicunt.
2345 885 2549 952 Facta
2578 891 2913 973 potestate
2941 905 2978 952 5

439 977 676 1094 {ssffegn
895 990 1123 1056 eadem
1178 1011 1348 1076 quae
1400 988 1754 1055 Ambiorix
1820 1011 1969 1055 cum
2029 989 2290 1058 Titurio
2349 996 2578 1079 egerat
2627 1013 2910 1058 comme-

435 1125 634 1173 enemy
653 1111 683 1160 ⁹.
836 1116 865 1163 :3
894 1098 1192 1161 morant:
1261 1116 1522 1160 omnem
1584 1093 1872 1160 Galliam
1932 1116 2072 1160 esse
2132 1095 2202 1160 in
2262 1097 2485 1172 armis,
2543 1095 2912 1164 Germanos

896 1200 1202 1266 Rhenum
1263 1199 1602 1276 transisse,
1662 1199 1965 1265 Caesaris
2028 1199 2565 1287 reliquorumque
2629 1201 2912 1267 hiberna

838 1322 865 1368 4
894 1303 1286 1392 oppugnari.
1375 1303 1659 1370 Addunt
1695 1304 1896 1370 etiam
1935 1303 2018 1370 de
2058 1304 2291 1370 Sabini
2333 1311 2580 1386 morte3
2632 1306 2907 1372 Ambio-

837 1431 866 1477 5
894 1409 1104 1496 rigem
1163 1412 1506 1475 ostentant
1564 1408 1720 1475 fidei
1780 1407 2133 1475 faciundae
2189 1431 2404 1477 causa.
2497 1410 2736 1477 Errare
2794 1434 2909 1477 eos
2939 1435 3011 1483 1⁰

893 1513 1144 1595 dicunt,
1174 1513 1231 1578 si
1277 1512 1633 1599 quicquam
1676 1512 1763 1578 ab
1808 1513 1893 1579 iis
1937 1512 2252 1599 praesidii
2296 1520 2565 1600 sperent
2608 1516 2723 1601 qui
2766 1516 2909 1580 suis

894 1618 1091 1684 rebus
1142 1616 1488 1697 diffidant-‚3
1552 1639 1695 1711 sese
1753 1622 1979 1684 tamen
2030 1617 2154 1684 hoc
2207 1639 2346 1683 esse
2398 1619 2469 1684 in
2521 1618 2906 1687 Ciceronem

893 1721 1342 1808 populumque
1391 1721 1768 1788 Romanum
1820 1721 2043 1786 animo
2094 1726 2174 1787 ut
2225 1721 2395 1795 nihil
2442 1723 2573 1788 nisi
2625 1724 2908 1790 hiberna

893 1830 1200 1892 recusent
1277 1831 1479 1912 atque
1558 1828 1734 1892 hanc
1804 1826 2286 1893 inveterascere
2358 1828 2906 1895 consuetudinem

837 1947 866 1994 6
894 1930 1146 2011 nolint;
1214 1931 1409 1997 licere
1468 1930 1604 1997 illis
1658 1951 1780 2017 per
1836 1953 1907 1996 se
1966 1930 2407 1996 incolumibus
2465 1954 2550 1997 ex
2608 1932 2908 1998 hibernis
2934 1949 3007 1997 15

892 2036 1227 2102 discedere
1272 2038 1342 2102 et
1384 2057 1833 2122 quascumque
1875 2035 1947 2100 in
1991 2039 2216 2123 partes
2261 2036 2476 2102 velint
2525 2037 2667 2102 sine
2718 2042 2906 2103 metu

836 2160 864 2214 7
891 2140 1233 2227 proficisci.
1321 2139 1553 2208 Cicero
1618 2140 1704 2206 ad
1770 2140 1933 2206 haec
1993 2162 2200 2205 unum
2261 2141 2456 2207 modo
2514 2142 2905 2229 respondet:

892 2268 1025 2311 non
1077 2268 1217 2312 esse
1267 2244 1815 2312 consuetudinem
1860 2245 2088 2331 populi
2142 2244 2424 2311 Romani
2473 2248 2767 2336 accipere
2814 2247 2906 2313 ab

834 2370 863 2417 8
892 2350 1082 2417 hoste
1151 2354 1410 2416 armato
1471 2349 1957 2428 condicionem3
2030 2348 2088 2414 si
2148 2349 2236 2414 ab
2305 2350 2510 2416 armis
2567 2351 2905 2418 discedere

893 2454 1122 2532 velint,
1168 2476 1237 2520 se
1290 2454 1596 2520 adiutore
1648 2458 1933 2519 utantur
1980 2453 2365 2541 legatosque
2415 2455 2501 2520 ad
2551 2455 2899 2523 Caesarem
2931 2473 3000 2521 20
3143 2468 3144 2537 1

888 2558 1200 2639 mittant3
1262 2580 1526 2646 sperare
1573 2580 1645 2625 se
1691 2578 1813 2645 pro
1866 2558 2009 2624 eius
2058 2557 2320 2625 iustitia
2365 2581 2535 2646 quae
2585 2561 2906 2648 petierint

890 2663 1377 2751 impetraturos.

434 2788 548 2838 'rho
559 2788 744 2840 Nervii
762 2783 860 2840 42
976 2769 1083 2834 Ab
1123 2770 1248 2834 hac
1285 2791 1401 2856 spe
1443 2768 1690 2856 repulsi
1732 2767 1971 2834 Nervii
2000 2768 2179 2834 vallo
2219 2768 2462 2856 pedum
2500 2768 2562 2833 X
2608 2775 2677 2835 et
2722 2770 2906 2837 fossa

435 2855 599 2918 ⁸⁶⁰9*
830 2894 860 2940 2
887 2872 1130 2958 pedum
1190 2873 1315 2938 XV
1369 2873 1651 2939 hiberna
1706 2872 2004 2960 cingunt.
2116 2873 2300 2940 Haec
2358 2878 2428 2940 et
2485 2876 2904 2962 superiorum

437 2921 644 2971 Roman

436 2988 579 3050 siege
887 3001 1213 3045 annorum
1237 2978 1714 3045 consuetudine
1736 3001 1777 3043 a
1801 2978 1992 3044 nobis
2013 2983 2467 3065 cognoverant
2488 2984 2556 3045 et
2578 2980 2901 3066 quosdam
2931 2999 2996 3047 25

437 3053 700 3104 mmm
831 3100 860 3148 3
887 3084 971 3149 de
1030 3083 1327 3150 exercitu
1379 3082 1559 3149 nacti
1612 3082 1912 3169 captivos
1972 3082 2059 3147 ab
2109 3082 2215 3148 his
2273 3082 2681 3150 docebantur
2698 3105 2714 3164 ;
2781 3084 2904 3150 sed

960 3306 990 3381 ξ
1018 3310 1067 3363 7.
1106 3311 1265 3364 ultro.
1342 3305 1729 3362 Dictionaries
1754 3304 1984 3377 explain
2006 3305 2110 3361 the
2135 3304 2405 3378 meaning
2427 3305 2614 3362 which
2639 3306 2686 3361 is
2710 3310 2772 3363 at
2798 3308 2901 3364 the

889 3383 1016 3435 root
1054 3380 1117 3437 of
1145 3379 1263 3435 this
1300 3378 1469 3442 word,
1496 3378 1604 3434 but
1640 3376 1940 3433 otherwise
1978 3374 2106 3448 give
2143 3377 2349 3448 hardly
2387 3378 2616 3448 enough
2653 3378 2795 3450 help
2834 3383 2899 3436 to

886 3451 990 3507 the
1015 3450 1310 3523 bsginner.
1375 3449 1560 3506 When
1590 3452 1733 3505 ultro
1759 3448 1806 3503 is
1830 3448 2160 3520 equivalent
2184 3452 2245 3505 to
2268 3467 2373 3505 sua
2533 3456 2583 3504 te
2607 3448 2681 3505 its
2707 3468 2902 3506 mean-

887 3523 991 3606 ing
1029 3522 1085 3606 is·
1113 3520 1568 3585 unmistakable3
1611 3521 1715 3605 but
1752 3518 1888 3604 here
1923 3519 1973 3575 it
2008 3537 2205 3603 means
2239 3523 2422 3602 somet
2464 3522 2570 3593 ing
2603 3521 2896 3605 different,
3127 3549 3130 3640 1

886 3592 1877 3736 ifftl‘ssilngwsslitbssssssnfffflssffae?
1921 3591 2357 3720 ‘3523353325
2357 3592 2897 3722 5315&ssss
3125 3645 3128 3720 A

885 3738 1027 3809 kept
1068 3708 1226 3792 tliem
1268 3741 1331 3793 at
1373 3754 1409 3792 a
1452 3754 1539 3792 res
1583 3735 1766 3792 ectful
1808 3682 2064 3791 diii’anoe
2107 3734 2254 3792 from
2303 3734 2465 3793 their
2504 3685 2900 3793 commandeg

886 3809 911 3862 I
954 3808 1232 3865 translate
1275 3808 1325 3865 it
1366 3808 1503 3865 here
1581 3826 1620 3877 y
1662 3806 1943 3878 ‘actually
1960 3808 1992 3864 '.
2063 3806 2184 3864 The
2227 3806 2426 3864 reader
2466 3807 2569 3863 has
2602 3808 2898 3865 doubtless

883 3899 1016 3937 seen
1044 3881 1131 3935 for
1153 3877 1392 3936 himself
1409 3880 1540 3936 that
1565 3879 1629 3933 in
1654 3879 1743 3946 28,
1775 3877 1806 3951 ξ
1831 3883 1868 3935 4
1893 3879 1941 3934 it
1965 3896 2159 3935 means
2188 3883 2204 3908 ⁴
2220 3877 2345 3934 into
2370 3879 2473 3962 the
2495 3879 2734 3962 bargain
2755 3879 2786 3935 '.

951 3955 1049 4018 41,
1077 3951 1106 4024 ξ
1130 3952 1177 4006 1.
1207 3954 1495 4021 principes
1517 3969 1650 4022 may
1664 3951 1800 4007 here
1819 3950 1891 4006 be
1911 3950 2235 4007 translated
2252 3950 2328 4022 by
2349 3951 2364 3979 ‘
2381 3950 2688 4007 chiestams
2706 3951 2739 4007 ².
2786 3951 2895 4009 See

881 4026 984 4168 ὡς
1009 4022 1461 4152 ἒοξῖἅῖαῗῆίῖιιῖ
1490 4093 1538 4149 is
1575 4093 1710 4150 here
1747 4094 2037 4152 attracted
2073 4092 2200 4149 into
2234 4094 2333 4150 the
2358 4110 2485 4150 case
2523 4093 2589 4148 of
2615 4096 2743 4150 illis.
2823 4096 2895 4152 In

881 4166 955 4236 vi,
995 4166 1081 4235 35,
1129 4164 1159 4239 ξ
1203 4167 1237 4222 8
1282 4170 1403 4223 licet
1448 4166 1497 4222 is
1536 4165 1803 4223 followed
1846 4166 1919 4237 by
1959 4183 2035 4222 an
2078 4164 2421 4234 accusative,
2462 4165 2647 4221 which
2696 4165 2747 4222 is
2784 4165 2895 4224 less

882 4239 1060 4373 ustas&
1085 4308 1116 4382 ξ
1147 4311 1192 4365 1.
1227 4313 1368 4367 vallo
1372 4312 1587 4436 gedum
1611 4311 1685 4365 X.
1762 4309 1866 4366 See
1891 4310 1990 4366 the
2017 4309 2138 4365 first
2159 4312 2292 4365 note
2316 4325 2392 4363 on
2417 4307 2476 4376 ii,
2504 4310 2557 4378 5,
2586 4307 2617 4381 ξ
2643 4309 2693 4363 6.
3103 4343 3121 4380 q

945 4384 1146 4450 pedum
1173 4383 1294 4437 XV.
1412 4399 1474 4437 ce
1500 4381 1602 4438 the
1628 4382 1833 4438 second
1861 4393 1994 4437 note
2021 4398 2097 4436 on
2122 4380 2182 4447 ii,
2210 4382 2264 4448 5,
2297 4379 2327 4453 ξ
2352 4380 2404 4436 6.
3115 4411 3118 4452 ff
