3177 5166
893 301 1641 394 COMMENTARIUS
1670 329 1704 392 1
2226 333 2308 395 61

304 495 588 582 piarum,
612 515 782 580 quae
804 497 1022 559 castra
1046 493 1303 558 minora
1323 498 1757 580 oppugnaret,
1780 493 1978 559 misit.
2055 493 2317 560 Acriter
2344 513 2375 560 3

305 598 645 685 utrimque
696 620 906 684 usque
958 596 1043 662 ad
1097 619 1444 684 vesperum
1498 603 1872 684 pugnatum
1926 602 2048 664 est.
2141 599 2317 664 Solis

304 724 539 770 occasu
598 722 754 767 suas
810 702 1033 788 copias
1092 700 1474 766 Ariovistus
1535 702 1768 767 multis
1835 709 1904 768 et
1962 702 2189 769 inlatis
2248 709 2318 770 et

305 806 594 893 acceptis
635 806 1027 871 vulneribus
1070 806 1140 870 in
1177 810 1398 872 castra
1438 805 1725 872 reduxit.
1816 806 1986 873 Cum
2033 830 2118 873 ex
2161 830 2314 894 cap·
2343 824 2371 872 4

249 924 280 974 5
307 911 470 978 tivis
542 916 890 996 quaereret
962 910 1209 977 Caesar
1282 931 1481 995 quam
1560 910 1649 976 ob
1720 933 1860 975 rem
1937 910 2317 978 Ariovistus

305 1015 558 1103 proelio
602 1038 736 1081 non
775 1015 1161 1092 decertaret,
1191 1014 1362 1080 hanc
1399 1015 1774 1101 reperiebat
1817 1037 2102 1098 causam,
2139 1017 2317 1103 quod

305 1120 485 1208 apud
509 1120 873 1186 Germanos
896 1141 975 1185 ea
1001 1119 1411 1185 consuetudo
1440 1123 1614 1185 esset
1635 1125 1716 1184 ut
1744 1124 1991 1185 matres
2021 1120 2318 1187 familiae

306 1247 535 1292 eorum
575 1225 867 1290 sortibus
902 1229 970 1290 et
1005 1223 1598 1290 vaticinationibus
1637 1223 2052 1290 declararent
2088 1229 2318 1291 utrum

306 1329 630 1417 proelium
662 1329 992 1395 committi
1021 1351 1106 1393 ex
1135 1349 1261 1393 usu
1298 1332 1472 1393 esset
1509 1349 1752 1409 neene;
1795 1350 1906 1393 eas
1941 1328 2040 1393 ita
2069 1328 2318 1396 dicere:

214 1454 281 1503 10
308 1457 440 1501 non
472 1456 613 1500 esse
642 1433 747 1500 fas
779 1434 1143 1500 Germanos
1179 1453 1514 1519 superare,
1541 1432 1599 1497 si
1631 1437 1787 1498 ante
1815 1454 2058 1498 novam
2086 1432 2314 1498 lunam
2345 1451 2375 1500 5

308 1539 558 1625 proelio
586 1537 1098 1604 contendissent.

394 1642 723 1709 Postridie
763 1642 906 1707 eius
941 1641 1071 1707 diei
1104 1641 1351 1708 Caesar
1386 1640 1720 1727 praesidio
1749 1641 2049 1728 utrisque
2086 1642 2321 1709 castris
2346 1656 2436 1711 51
2461 1667 2655 1716 Caesar

309 1747 486 1835 quod
537 1747 703 1813 satis
750 1769 891 1812 esse
939 1746 1159 1811 visum
1214 1750 1317 1812 est
1364 1745 1655 1831 reliquit,
1685 1745 1927 1811 alarios
1973 1768 2200 1812 omnes
2245 1747 2319 1812 in
2455 1731 2666 1850 ἓξὲξ

307 1856 661 1938 conspectu
715 1851 1007 1917 hostium
1060 1872 1182 1937 pro
1232 1851 1469 1917 castris
1527 1850 1897 1916 minoribus
1947 1852 2317 1929 constituit,

215 1977 282 2025 15
308 1957 484 2044 quod
535 1956 758 2020 minus
810 1955 1244 2021 multitudine
1295 1955 1586 2020 militum
1637 1954 2153 2041 legionariorum
2196 1977 2318 2042 pro

307 2060 599 2126 hostium
624 2081 900 2125 numero
921 2059 1205 2138 valebat,
1224 2062 1304 2124 ut
1323 2057 1408 2123 ad
1432 2058 1715 2145 speciem
1739 2057 1967 2123 alariis
1988 2062 2317 2141 uteretur3

305 2166 448 2252 ipse
492 2165 741 2251 triplici
795 2165 1125 2230 instructa
1169 2163 1308 2228 acie
1353 2184 1562 2249 usque
1615 2162 1701 2227 ad
1752 2167 1973 2228 castra
2024 2163 2316 2229 hostium

307 2270 597 2336 accessit.
686 2270 857 2334 Tum
879 2268 1146 2334 demum
1176 2267 1542 2334 necessario
1565 2267 1883 2332 Germani
1913 2290 2067 2334 suas
2096 2269 2318 2355 copias
2343 2296 2373 2341 2

305 2374 543 2440 castris
580 2373 957 2439 eduxerunt
983 2373 1484 2460 generatimque
1511 2372 2008 2440 constituerunt
2046 2373 2318 2459 paribus

217 2502 281 2550 20
308 2478 699 2559 intervalliS,
725 2478 1051 2555 Harudes,
1076 2479 1547 2559 Marcomanos,
1568 2477 1898 2555 Tribocos,
1916 2478 2316 2565 Vangiones,

306 2582 641 2663 Nemetes,
707 2581 1034 2660 Sedusios,
1087 2583 1357 2661 Suebos,
1409 2604 1802 2669 omnemque
1860 2582 2066 2649 aciem
2126 2606 2316 2649 suam

308 2688 525 2754 raedis
564 2694 634 2753 et
670 2688 877 2754 carris
920 2687 1513 2764 circumdederunt,
1543 2709 1628 2752 ne
1673 2709 1806 2773 qua
1848 2709 1998 2774 spes
2041 2688 2112 2752 in
2154 2687 2317 2774 fuga

307 2793 813 2879 relinqueretur.
922 2791 1020 2858 Eo
1084 2792 1394 2858 mulieres
1453 2792 1930 2878 imposuerunt,
1990 2813 2160 2878 quae
2228 2793 2314 2858 ad
2342 2814 2373 2861 3

307 2897 632 2985 proelium
673 2898 1159 2984 proficiscentes
1198 2896 1443 2962 milites
1483 2896 1696 2983 passis
1734 2896 2042 2961 manibus
2079 2897 2316 2962 flentes

213 3023 278 3070 25
307 3001 758 3089 implorabant
785 3024 869 3067 ne
897 3024 967 3068 se
998 3003 1069 3066 in
1099 3002 1492 3068 servitutem
1525 2999 1842 3066 Romanis
1869 3000 2231 3066 traderent.

397 3106 645 3174 Caesar
671 3105 953 3193 singulis
991 3105 1363 3193 legionibus
1405 3103 1702 3191 singulos
1730 3105 1985 3191 legatos
2014 3109 2084 3170 et
2118 3126 2314 3190 quae·
2341 3124 2436 3180 52

306 3215 553 3277 storem
593 3209 930 3296 praefecit,
968 3210 1074 3276 uti
1116 3232 1227 3276 eos
1270 3214 1474 3275 testes
1516 3229 1676 3274 suae
1718 3208 1999 3294 quisque
2039 3208 2317 3275 virtutis

379 3372 487 3500 34.
528 3382 729 3429 matm
736 3376 1014 3442 familiae.
1089 3371 1296 3435 Cicero,
1324 3372 1384 3426 in
1411 3370 1727 3427 connexion
1755 3370 1892 3427 with
1919 3379 2098 3441 pater,
2125 3381 2310 3438 mater,

305 3464 378 3501 an
432 3449 616 3513 filius,
631 3462 760 3500 uses
783 3445 884 3501 the
905 3445 1052 3500 form
1063 3446 1341 3513 familias.
1398 3442 1501 3500 See
1522 3444 1595 3498 H.
1616 3444 1895 3513 Mei-guet,
1919 3445 2314 3500 Handlexikon

302 3537 375 3572 zu
404 3520 603 3583 Cicero,
632 3516 788 3582 1905,
811 3534 907 3587 pp.
934 3515 1130 3573 500-1.

377 3587 408 3660 ξ
436 3588 486 3643 5.
525 3606 637 3644 non
658 3591 985 3659 essese-3,—‘
1005 3586 1054 3643 it
1079 3603 1192 3642 was
1216 3588 1320 3642 not
1342 3585 1500 3642 fated
1516 3586 1548 3641 '.
1612 3588 1726 3640 Fas
1748 3585 1895 3641 estis
1919 3586 2058 3644 here
2085 3586 2313 3657 equiva-

304 3660 431 3716 lent
454 3663 516 3715 to
542 3659 774 3729 εἵμαρται
802 3659 907 3730 (μα’
941 3660 1102 3729 opat).

374 3749 569 3787 novam
603 3732 814 3786 lunam.
933 3728 1040 3797 his,
1065 3747 1128 3784 as
1159 3746 1243 3784 we
1277 3747 1407 3799 may
1433 3728 1583 3784 infer
1619 3728 1766 3783 from
1802 3730 1889 3797 40,
1918 3727 1948 3800 ξ
1983 3729 2047 3784 11
2078 3730 2316 3803 (iamque

301 3821 414 3931 {ege
428 3806 513 3930 1ἰέ
542 3805 699 3931 ggii-s
727 3805 1020 3873 frumenta
1056 3802 1317 3870 matura),
1340 3818 1454 3857 was
1489 3800 1588 3858 the
1616 3816 1740 3855 new
1764 3817 1933 3856 moon
1959 3801 2026 3856 of
2053 3800 2313 3871 Septem-

376 3893 405 3929 r
499 3917 512 3939 ‚
638 3888 694 3928 B.
712 3887 765 3928 ο.

376 3948 471 4010 51,
509 3944 538 4018 ξ
584 3944 631 4001 1.
687 3947 894 4000 alar-fos
939 3943 989 3998 is
1029 3942 1276 4000 another
1316 3943 1471 3999 word
1520 3943 1611 3998 for
1657 3945 1891 3998 auxilia.
1966 3942 2124 4025 They
2167 3961 2313 4001 were

304 4035 372 4143 εἰ
402 4017 588 4073 called
623 4016 865 4073 because
898 4016 1041 4085 they
1066 4032 1216 4073 were
1243 4013 1565 4085 commonly
1590 4014 1788 4086 posted
1813 4031 1888 4069 on
1913 4015 2011 4070 the
2035 4031 2218 4085 wmgs
2252 4016 2318 4070 of

303 4092 332 4143 t
375 4105 406 4144 e
595 4105 662 4144 ar
690 4105 813 4143 arm
855 4127 868 4141 .

373 4163 483 4225 52,
550 4161 595 4214 1.
631 4106 979 4232 quaesta-em.
1037 4158 1157 4214 The
1177 4156 1494 4230 provincial
1510 4160 1791 4226 quaestor,
1813 4174 1875 4212 as
1894 4155 2313 4226 distinguished

303 4230 453 4286 from
491 4231 591 4287 the
627 4232 917 4301 quaestore
955 4228 1081 4285 who
1117 4230 1310 4285 served
1346 4232 1409 4284 at
1445 4229 1638 4293 Rome,
1664 4228 1832 4284 acted
1868 4246 1928 4284 as
1967 4228 2314 4298 Paymaster-

305 4301 565 4370 General,
590 4320 646 4356 m
802 4301 875 4358 ed
898 4302 999 4357 the
1024 4299 1232 4358 details
1258 4301 1323 4355 of
1346 4299 1448 4356 the
1474 4299 1901 4366 commissariat,
1929 4300 2044 4355 and
2080 4318 2195 4355 was
2233 4317 2313 4356 re·

302 4371 590 4444 sponsible
616 4373 705 4429 for
724 4389 760 4427 a
832 4371 1105 4429 financial
1126 4372 1403 4428 business.
1468 4370 1693 4436 Caesar,
1708 4372 1986 4441 however,
2007 4371 2310 4442 employed
