3177 5166
846 324 934 386 60
1406 323 1527 390 DE
1574 324 1860 391 BELLO
1907 324 2295 391 GALLICO

850 489 1242 555 velocissimi
1289 512 1365 557 ac
1412 491 1777 571 fortissimi,
1810 515 1975 578 quos
2019 516 2104 558 ex
2147 494 2328 559 omni
2374 494 2564 580 copia
2607 493 2858 580 singuli

792 610 821 656 6
847 593 1146 681 singulos
1196 616 1355 662 suae
1404 596 1644 662 salutis
1691 619 1892 662 causa
1941 597 2359 684 delegerant:
2425 620 2575 665 cum
2628 597 2734 661 his
2785 598 2858 662 in

848 698 1119 784 proeliis
1163 699 1622 777 versabantur,
1670 701 1755 766 ad
1809 724 1920 767 eos
1976 725 2048 769 se
2099 702 2357 789 equites
2415 701 2858 788 recipiebant3

848 803 940 882 hi,
974 803 1033 869 si
1080 804 1241 890 quid
1286 808 1431 870 erat
1475 805 1725 886 durius,
1753 806 2252 883 concurrebant,
2287 807 2344 871 si
2390 808 2506 893 qui
2549 807 2859 893 graviore

793 915 820 966 7
851 907 1128 974 vulnere
1179 914 1448 996 accepto
1499 932 1670 997 equo
1722 911 2073 993 deciderat,
2122 911 2732 992 circumsistebant3
2800 911 2857 975 si
2891 928 2923 975 5

848 1034 980 1098 quo
1003 1017 1148 1079 erat
1170 1013 1435 1101 longius
1456 1014 1917 1101 prodeundum
1941 1020 2061 1082 aut
2082 1016 2359 1083 celerius
2389 1015 2859 1102 recipiendum,

849 1122 1043 1184 tanta
1072 1124 1217 1184 erat
1257 1120 1493 1185 horum
1523 1121 2010 1188 exercitatione·
2039 1121 2343 1187 celeritas
2371 1127 2451 1187 ut
2490 1121 2667 1188 iubis
2699 1122 2859 1186 sub-

848 1222 1054 1289 levati
1084 1246 1405 1311 equorum
1433 1248 1700 1294 cursum
1731 1226 2199 1313 adaequarent.

413 1344 610 1395 Caesar
630 1360 709 1394 re-
724 1335 823 1392 4⁹
937 1327 1076 1394 Ubi
1134 1351 1285 1395 eum
1344 1331 1581 1397 castris
1640 1354 1711 1397 se
1770 1336 1995 1398 tenere
2055 1331 2302 1399 Caesar
2360 1330 2714 1408 intellexit,
2774 1352 2859 1395 ne

415 1427 584 1475 01>0¹¹⁸
606 1411 696 1460 ¹¹³⁸
849 1433 1106 1500 diutius
1144 1441 1515 1503 commeatu
1544 1436 2028 1524 prohiberetur,
2060 1437 2241 1502 ultra
2275 1458 2426 1502 eum
2464 1436 2698 1512 locum,
2727 1457 2861 1520 quo
2888 1452 2953 1499 10

412 1492 712 1594 ἓὲἒιῗι
850 1538 922 1602 in
965 1537 1108 1606 loco
1151 1538 1467 1607 Germani
1512 1541 1963 1619 consederant,
2006 1541 2269 1609 circiter
2314 1563 2548 1629 passus
2598 1539 2721 1607 Dc
2771 1540 2860 1605 ab

413 1609 673 1726 3ῐῖζῖἲῇ
851 1642 974 1721 his,
1030 1644 1267 1710 castris
1325 1644 1640 1711 idoneum
1699 1645 1917 1712 locum
1977 1646 2226 1734 delegit
2282 1645 2553 1731 acieque
2610 1644 2859 1731 triplici

415 1742 634 1791 ⁸¹¹¹⁸¹¹0r
792 1761 824 1808 2
850 1747 1179 1816 instructa
1207 1748 1293 1815 ad
1322 1771 1473 1815 eum
1513 1750 1731 1816 locum
1771 1750 1977 1818 venit.
2068 1750 2361 1816 Primam
2396 1755 2465 1816 et
2503 1748 2857 1815 secundam

413 1823 585 1872 camp.
849 1853 1057 1919 aciem
1123 1854 1195 1919 in
1253 1854 1458 1921 armis
1515 1877 1675 1935 esse,
1728 1855 1997 1922 tertiam
2049 1859 2267 1922 castra
2322 1855 2584 1920 munire
2642 1854 2857 1920 iussit.

793 1971 822 2019 3
853 1956 1015 2048 [Hic
1043 1959 1227 2026 locus
1255 1961 1343 2025 ab
1371 1960 1560 2027 hoste
1591 1961 1854 2027 circiter
1883 1982 2115 2048 passus
2150 1959 2292 2038 DC,
2322 1959 2425 2025 uti
2455 1959 2708 2025 dictum
2737 1964 2860 2039 est,
2890 1974 2955 2022 15

850 2060 1127 2152 aberat]
1218 2063 1316 2130 Eo
1367 2064 1633 2131 circiter
1691 2065 2036 2130 hominum
2090 2063 2253 2129 XVI
2311 2064 2498 2129 milia
2547 2063 2862 2150 expedita

851 2189 1001 2234 cum
1071 2169 1252 2234 omni
1321 2170 1625 2256 equitatu
1686 2169 2067 2235 Ariovistus
2137 2169 2337 2246 misit,
2396 2189 2565 2255 quae
2633 2169 2860 2254 copiae

793 2284 821 2331 4
851 2277 1115 2338 nostros
1170 2277 1500 2339 terrerent
1550 2279 1620 2340 et
1671 2274 2044 2340 munitione
2090 2273 2537 2361 prohiberent.
2626 2271 2861 2337 Nihilo

850 2377 1059 2443 setius
1094 2376 1357 2457 Caesar,
1386 2382 1466 2443 ut
1504 2384 1660 2445 ante
1698 2381 2157 2459 constituerat,
2186 2378 2352 2444 duas
2387 2378 2561 2444 acies
2599 2377 2858 2441 hostem

795 2510 824 2557 5
849 2482 1255 2569 propulsare,
1313 2482 1584 2548 tertiam
1643 2506 1809 2571 opus
1869 2485 2181 2572 perficere
2251 2484 2465 2551 iussit.
2578 2481 2861 2547 Munitis
2888 2497 2954 2545 2ο

848 2588 1084 2653 castris
1114 2588 1280 2654 duas
1310 2589 1403 2654 ibi
1434 2589 1725 2676 legiones
1754 2590 2027 2676 reliquit
2049 2595 2117 2656 et
2146 2593 2405 2678 partem
2435 2588 2859 2667 auxiliorum,

848 2696 1169 2778 quattuor
1197 2694 1487 2781 reliquas
1515 2695 1809 2782 legiones
1845 2695 1916 2760 in
1952 2701 2171 2762 castra
2199 2695 2454 2760 maiora
2482 2693 2769 2760 reduxit.

415 2814 528 2864 ‘rho
727 2816 824 2873 50
937 2797 1248 2864 Proximo
1277 2798 1384 2865 die
1416 2799 1731 2866 instituto
1759 2821 1881 2865 suo
1910 2799 2156 2867 Caesar
2178 2822 2263 2865 ex
2292 2798 2529 2865 castris
2558 2797 2861 2882 utrisque

416 2882 683 2997 pregium
848 2902 1071 2989 copias
1129 2925 1284 2969 suas
1343 2904 1578 2970 eduxit
1637 2904 2043 2992 paulumque
2102 2927 2144 2970 a
2202 2904 2566 2970 maioribus
2624 2902 2862 2969 castris

417 3015 674 3093 supersti-
848 3028 1234 3094 progressus
1312 3009 1520 3075 aciem
1596 3009 1925 3075 instruxit
2008 3009 2441 3094 hostibusque
2513 3005 2860 3094 pugnandi
2888 3023 2954 3071 25

417 3080 713 3208 ξζοέἑῗξιιζγ
795 3130 825 3177 2
849 3115 1247 3196 potestatem
1308 3111 1486 3178 fecit.
1577 3112 1716 3177 Ubi
1770 3135 1852 3178 ne
1903 3119 2050 3178 tum
2098 3112 2364 3199 quidem
2424 3134 2536 3178 eos
2595 3109 2861 3198 prodire

414 3213 638 3328 lgffiffd
850 3215 1203 3294 intellexit,
1249 3216 1513 3283 circiter
1563 3217 1907 3283 meridiem
1955 3218 2319 3284 exercitum
2367 3217 2440 3281 in
2488 3220 2708 3283 castra
2759 3237 2861 3280 re-

849 3319 1064 3386 duxit.
1151 3321 1322 3386 Tum
1377 3323 1642 3387 demum
1692 3321 2072 3388 Ariovistus
2117 3327 2375 3410 partem
2429 3342 2701 3387 suarum
2750 3342 2859 3386 co-

919 3452 1025 3516 49,
1051 3448 1081 3521 ξ
1112 3450 1158 3506 l.
1197 3455 1395 3507 castris
1419 3494 1432 3508 .
1462 3492 1476 3507 .
1505 3492 1519 3507 .
1545 3454 1754 3522 deleqt‘t.
1831 3452 1935 3509 See
1958 3453 2060 3511 the
2086 3455 2222 3509 note
2249 3470 2326 3509 on
2351 3452 2439 3518 48,
2469 3450 2499 3523 ξ
2527 3451 2576 3509 1.

923 3520 950 3591 ξ
982 3522 1030 3576 3.
1070 3524 1180 3577 Hic
1219 3526 1371 3579 Iocus
1394 3564 1409 3579 .
1436 3564 1451 3579 .
1480 3566 1492 3579 .
1519 3527 1720 3580 aberat.
1793 3525 2017 3582 Meusel
2058 3524 2323 3581 brackets
2356 3524 2518 3582 these
2562 3523 2743 3579 words
2783 3541 2861 3579 on

848 3591 950 3648 the
970 3594 1193 3662 ground
1209 3595 1342 3651 that
1366 3595 1416 3652 it
1440 3596 1488 3651 is
1506 3595 1822 3654 incredible
1846 3595 1978 3653 that
1995 3596 2198 3653 Caesar
2213 3595 2398 3651 would
2425 3596 2567 3652 have
2587 3594 2861 3668 repeated

849 3663 948 3718 the
975 3664 1127 3721 clear
1149 3670 1460 3724 statement
1483 3667 1670 3724 which
1696 3668 1768 3724 he
1793 3668 1910 3724 had
1934 3670 2102 3725 made
2126 3669 2291 3724 three
2314 3667 2464 3724 lines
2488 3668 2699 3725 before.

852 3806 890 3862 S
922 3733 953 3808 ξ
978 3737 1028 3791 5.
1061 3740 1419 3862 lcztffqfiliorum.
1481 3739 1665 3797 These
1690 3739 2021 3798 auxiliaries
2043 3756 2186 3796 were
2210 3740 2438 3796 archers
2463 3740 2579 3796 and
2603 3739 2860 3810 elingere.

892 3825 956 3863 ee
1025 3852 1037 3865 .
1085 3826 1204 3863 xm.

923 3826 1130 3953 5332.
1158 3884 1454 3938 meridiem.
1483 3882 1614 3941 HJ.
1629 3883 1843 3939 Mssller
1854 3885 2134 3955 proposed
2151 3887 2476 3949 meridiaan
2493 3881 2862 3940 emendation

852 3949 1039 4006 which
1077 3953 1290 4009 Meusel
1327 3955 1534 4026 adopts
1568 3954 1650 4025 (J.
1665 3957 1756 4024 B„
1786 3955 1945 4024 1894,
1967 3974 2021 4026 p.
2047 3956 2200 4026 289),
2224 3972 2301 4011 on
2335 3955 2435 4012 the
2472 3955 2694 4026 ground
2730 3954 2862 4010 that

852 4022 912 4077 in
933 4022 1140 4080 Caesar
1162 4024 1276 4080 and
1299 4025 1380 4080 all
1402 4026 1622 4082 careful
1646 4027 1871 4084 writers
1892 4026 2169 4083 circiter-is
2193 4026 2511 4096 invariably
2530 4043 2606 4082 an
2632 4025 2861 4083 adverb.

850 4093 970 4151 The
990 4095 1355 4152 emendation
1381 4116 1510 4169 may
1526 4098 1599 4154 be
1618 4097 1793 4170 right,
1810 4098 1899 4154 for
1916 4099 1977 4153 in
2005 4099 2163 4155 MSS.
2180 4118 2234 4154 m
2259 4098 2307 4153 is
2332 4099 2656 4168 frequently
2673 4097 2862 4153 added

852 4164 927 4235 by
951 4165 1196 4224 mistake
1219 4172 1283 4224 at
1307 4169 1407 4225 the
1433 4171 1543 4225 end
1568 4170 1636 4225 of
1652 4188 1688 4225 a
1710 4171 1862 4225 word
1886 4190 1899 4235 ;
1934 4171 2040 4227 but
2067 4171 2265 4227 Cicero
2291 4169 2506 4227 several
2528 4168 2699 4226 times
2723 4169 2861 4224 used

850 4240 1069 4293 circiter
1087 4256 1149 4294 as
1171 4256 1207 4294 a
1232 4240 1605 4311 proposition.
1682 4241 1787 4298 See
1811 4244 1944 4312 Aet„
1967 4242 2027 4303 ii,
2052 4241 2184 4314 17‚§
2214 4243 2238 4296 l
2270 4243 2511 4310 (circiter
2523 4244 2607 4296 Id.
2629 4239 2860 4308 Maias),

850 4310 1024 4389 Fam„
1062 4309 1146 4379 iii,
1173 4312 1225 4374 5,
1252 4310 1282 4384 ξ
1305 4311 1359 4377 4,
1392 4330 1482 4379 xv,
1507 4314 1557 4376 3,
1588 4311 1619 4384 ξ
1659 4314 1693 4368 2
1730 4314 1964 4383 (circiter
1984 4315 2122 4368 Idus
2145 4315 2412 4385 Sextiles),
2440 4314 2555 4369 and
2581 4312 2670 4367 for
2693 4312 2862 4369 other

848 4382 1134 4437 instances
1164 4384 1262 4439 Th.
1282 4384 1319 4438 l.
1341 4386 1404 4450 L,
1427 4383 1512 4451 iii,
1542 4384 1697 4441 1100.
