<?xml version="1.0" encoding="UTF-8"?>
<!DOCTYPE html PUBLIC "-//W3C//DTD XHTML 1.0 Transitional//EN"
    "http://www.w3.org/TR/xhtml1/DTD/xhtml1-transitional.dtd">
<html xmlns="http://www.w3.org/1999/xhtml" xml:lang="en" lang="en">
 <head>
  <title>
</title>
<meta http-equiv="Content-Type" content="text/html;charset=utf-8" />
  <meta name='ocr-system' content='tesseract 3.04.00' />
  <meta name='ocr-capabilities' content='ocr_page ocr_carea ocr_par ocr_line ocrx_word'/>
</head>
<body>
  <div class='ocr_page' id='page_1' title='image "./ciulicaesarisco00caesgoog_0215.png"; bbox 0 0 3177 5166; ppageno 0'>
   <div class='ocr_carea' id='block_1_1' title="bbox 807 337 2272 407">
    <p class='ocr_par' dir='ltr' id='par_1_1' title="bbox 807 337 2272 407">
     <span class='ocr_line' id='line_1_1' title="bbox 807 337 2272 407; baseline 0.002 -4"><span class='ocrx_word' id='word_1_1' title='bbox 807 337 1533 407; x_wconf 84' lang='lat' dir='ltr'><strong>COMMENTARIUS</strong></span> <span class='ocrx_word' id='word_1_2' title='bbox 1578 340 1729 405; x_wconf 94' lang='lat' dir='ltr'>IIII</span> <span class='ocrx_word' id='word_1_3' title='bbox 2149 344 2272 406; x_wconf 84' lang='lat'><strong>137</strong></span> 
     </span>
    </p>
   </div>
   <div class='ocr_carea' id='block_1_2' title="bbox 263 500 2332 906">
    <p class='ocr_par' dir='ltr' id='par_1_2' title="bbox 263 500 2332 906">
     <span class='ocr_line' id='line_1_2' title="bbox 263 500 2276 589; baseline 0.002 -25"><span class='ocrx_word' id='word_1_4' title='bbox 263 500 494 565; x_wconf 90' lang='lat' dir='ltr'><strong>multis</strong></span> <span class='ocrx_word' id='word_1_5' title='bbox 567 500 1080 588; x_wconf 74' lang='lat' dir='ltr'><strong>ingentibusque</strong></span> <span class='ocrx_word' id='word_1_6' title='bbox 1140 502 1374 568; x_wconf 90' lang='lat' dir='ltr'><strong>insulis</strong></span> <span class='ocrx_word' id='word_1_7' title='bbox 1443 503 1709 584; x_wconf 84' lang='lat' dir='ltr'><strong>effectis,</strong></span> <span class='ocrx_word' id='word_1_8' title='bbox 1770 526 2050 589; x_wconf 85' lang='lat' dir='ltr'><strong>quarum</strong></span> <span class='ocrx_word' id='word_1_9' title='bbox 2122 525 2276 589; x_wconf 88' lang='lat' dir='ltr'><strong>pars</strong></span> 
     </span>
     <span class='ocr_line' id='line_1_3' title="bbox 264 603 2332 693; baseline 0.001 -24"><span class='ocrx_word' id='word_1_10' title='bbox 264 627 510 692; x_wconf 89' lang='lat' dir='ltr'><strong>magna</strong></span> <span class='ocrx_word' id='word_1_11' title='bbox 569 627 611 670; x_wconf 91' lang='lat' dir='ltr'><strong>a</strong></span> <span class='ocrx_word' id='word_1_12' title='bbox 661 603 824 670; x_wconf 90' lang='lat' dir='ltr'><strong>feris</strong></span> <span class='ocrx_word' id='word_1_13' title='bbox 882 606 1310 693; x_wconf 88' lang='lat' dir='ltr'><strong>barbarisque</strong></span> <span class='ocrx_word' id='word_1_14' title='bbox 1368 607 1754 672; x_wconf 89' lang='lat' dir='ltr'><strong>nationibus</strong></span> <span class='ocrx_word' id='word_1_15' title='bbox 1810 607 2141 689; x_wconf 81' lang='lat' dir='ltr'><strong>incolitur,</strong></span> <span class='ocrx_word' id='word_1_16' title='bbox 2190 631 2274 674; x_wconf 81' lang='lat' dir='ltr'><strong>ex</strong></span> <span class='ocrx_word' id='word_1_17' title='bbox 2303 630 2332 679; x_wconf 84' lang='lat'><strong>5</strong></span> 
     </span>
     <span class='ocr_line' id='line_1_4' title="bbox 266 709 2275 797; baseline 0 -23"><span class='ocrx_word' id='word_1_18' title='bbox 266 709 508 795; x_wconf 88' lang='lat' dir='ltr'><strong>quibus</strong></span> <span class='ocrx_word' id='word_1_19' title='bbox 528 714 687 775; x_wconf 88' lang='lat' dir='ltr'><strong>sunt</strong></span> <span class='ocrx_word' id='word_1_20' title='bbox 706 710 820 796; x_wconf 90' lang='lat' dir='ltr'><strong>qui</strong></span> <span class='ocrx_word' id='word_1_21' title='bbox 841 711 1131 796; x_wconf 84' lang='lat' dir='ltr'><strong>piscibus</strong></span> <span class='ocrx_word' id='word_1_22' title='bbox 1156 717 1356 797; x_wconf 85' lang='lat' dir='ltr'><strong>atque</strong></span> <span class='ocrx_word' id='word_1_23' title='bbox 1379 711 1523 777; x_wconf 90' lang='lat' dir='ltr'><strong>ovis</strong></span> <span class='ocrx_word' id='word_1_24' title='bbox 1545 711 1774 776; x_wconf 88' lang='lat' dir='ltr'><strong>avium</strong></span> <span class='ocrx_word' id='word_1_25' title='bbox 1799 712 2024 777; x_wconf 85' lang='lat' dir='ltr'><strong>vivere</strong></span> <span class='ocrx_word' id='word_1_26' title='bbox 2048 712 2275 778; x_wconf 79' lang='lat' dir='ltr'><strong>existi-</strong></span> 
     </span>
     <span class='ocr_line' id='line_1_5' title="bbox 269 813 2098 906; baseline 0.002 -29"><span class='ocrx_word' id='word_1_27' title='bbox 269 820 563 894; x_wconf 88' lang='lat' dir='ltr'><strong>mantur,</strong></span> <span class='ocrx_word' id='word_1_28' title='bbox 597 815 957 901; x_wconf 90' lang='lat' dir='ltr'><strong>multisque</strong></span> <span class='ocrx_word' id='word_1_29' title='bbox 987 815 1317 901; x_wconf 75' lang='lat' dir='ltr'><strong>capitibus</strong></span> <span class='ocrx_word' id='word_1_30' title='bbox 1352 816 1422 879; x_wconf 91' lang='lat' dir='ltr'><strong>in</strong></span> <span class='ocrx_word' id='word_1_31' title='bbox 1454 814 1791 881; x_wconf 80' lang='lat' dir='ltr'><strong>Oceanum</strong></span> <span class='ocrx_word' id='word_1_32' title='bbox 1825 813 2098 906; x_wconf 68' lang='lat' dir='ltr'><strong>influit]</strong></span> 
     </span>
    </p>
   </div>
   <div class='ocr_carea' id='block_1_3' title="bbox 209 916 2534 1007">
    <p class='ocr_par' dir='ltr' id='par_1_3' title="bbox 209 916 2534 1007">
     <span class='ocr_line' id='line_1_6' title="bbox 209 916 2534 1007; baseline 0 -21"><span class='ocrx_word' id='word_1_33' title='bbox 209 937 241 986; x_wconf 79' lang='lat'><strong>6</strong></span> <span class='ocrx_word' id='word_1_34' title='bbox 359 916 604 984; x_wconf 88' lang='lat' dir='ltr'><strong>Caesar</strong></span> <span class='ocrx_word' id='word_1_35' title='bbox 653 941 802 985; x_wconf 88' lang='lat' dir='ltr'><strong>cum</strong></span> <span class='ocrx_word' id='word_1_36' title='bbox 864 921 950 984; x_wconf 91' lang='lat' dir='ltr'><strong>ab</strong></span> <span class='ocrx_word' id='word_1_37' title='bbox 998 920 1187 986; x_wconf 92' lang='lat' dir='ltr'><strong>hoste</strong></span> <span class='ocrx_word' id='word_1_38' title='bbox 1237 942 1368 985; x_wconf 94' lang='lat' dir='ltr'><strong>non</strong></span> <span class='ocrx_word' id='word_1_39' title='bbox 1423 920 1711 1006; x_wconf 88' lang='lat' dir='ltr'><strong>amplius</strong></span> <span class='ocrx_word' id='word_1_40' title='bbox 1769 942 2082 1007; x_wconf 79' lang='lat' dir='ltr'><strong>passuum</strong></span> <span class='ocrx_word' id='word_1_41' title='bbox 2137 920 2276 984; x_wconf 87' lang='lat' dir='ltr'><strong>XII</strong></span> <span class='ocrx_word' id='word_1_42' title='bbox 2307 938 2396 993; x_wconf 85' lang='lat'><strong>11</strong></span> <span class='ocrx_word' id='word_1_43' title='bbox 2420 937 2534 986; x_wconf 80' lang='lat' dir='ltr'><strong>The</strong></span> 
     </span>
    </p>
   </div>
   <div class='ocr_carea' id='block_1_4' title="bbox 175 1022 2344 2990">
    <p class='ocr_par' dir='ltr' id='par_1_4' title="bbox 268 1022 2335 1429">
     <span class='ocr_line' id='line_1_7' title="bbox 273 1022 2278 1112; baseline 0.001 -26"><span class='ocrx_word' id='word_1_44' title='bbox 273 1022 544 1089; x_wconf 90' lang='lat' dir='ltr'><strong>milibus</strong></span> <span class='ocrx_word' id='word_1_45' title='bbox 589 1024 870 1101; x_wconf 89' lang='lat' dir='ltr'><strong>abesset,</strong></span> <span class='ocrx_word' id='word_1_46' title='bbox 924 1029 1004 1090; x_wconf 90' lang='lat' dir='ltr'><strong>ut</strong></span> <span class='ocrx_word' id='word_1_47' title='bbox 1047 1031 1193 1090; x_wconf 88' lang='lat' dir='ltr'><strong>erat</strong></span> <span class='ocrx_word' id='word_1_48' title='bbox 1237 1026 1698 1105; x_wconf 88' lang='lat' dir='ltr'><strong>constitutum,</strong></span> <span class='ocrx_word' id='word_1_49' title='bbox 1745 1025 1832 1090; x_wconf 89' lang='lat' dir='ltr'><strong>ad</strong></span> <span class='ocrx_word' id='word_1_50' title='bbox 1876 1047 2026 1091; x_wconf 88' lang='lat' dir='ltr'><strong>eum</strong></span> <span class='ocrx_word' id='word_1_51' title='bbox 2074 1025 2278 1112; x_wconf 89' lang='lat' dir='ltr'><strong>legati</strong></span> 
     </span>
     <span class='ocr_line' id='line_1_8' title="bbox 271 1128 2280 1216; baseline 0.002 -26"><span class='ocrx_word' id='word_1_52' title='bbox 271 1132 744 1208; x_wconf 89' lang='lat' dir='ltr'><strong>revertuntur;</strong></span> <span class='ocrx_word' id='word_1_53' title='bbox 804 1129 919 1214; x_wconf 89' lang='lat' dir='ltr'><strong>qui</strong></span> <span class='ocrx_word' id='word_1_54' title='bbox 975 1128 1044 1193; x_wconf 91' lang='lat' dir='ltr'><strong>in</strong></span> <span class='ocrx_word' id='word_1_55' title='bbox 1090 1129 1330 1194; x_wconf 89' lang='lat' dir='ltr'><strong>itinere</strong></span> <span class='ocrx_word' id='word_1_56' title='bbox 1374 1130 1706 1216; x_wconf 79' lang='lat' dir='ltr'><strong>congressi</strong></span> <span class='ocrx_word' id='word_1_57' title='bbox 1752 1150 2151 1216; x_wconf 84' lang='lat' dir='ltr'><strong>magnopere</strong></span> <span class='ocrx_word' id='word_1_58' title='bbox 2195 1151 2280 1194; x_wconf 94' lang='lat' dir='ltr'><strong>ne</strong></span> 
     </span>
     <span class='ocr_line' id='line_1_9' title="bbox 268 1230 2335 1320; baseline 0.001 -24"><span class='ocrx_word' id='word_1_59' title='bbox 268 1230 533 1318; x_wconf 88' lang='lat' dir='ltr'><strong>longius</strong></span> <span class='ocrx_word' id='word_1_60' title='bbox 584 1233 1096 1319; x_wconf 75' lang='lat' dir='ltr'><strong>progrederetur</strong></span> <span class='ocrx_word' id='word_1_61' title='bbox 1146 1234 1445 1299; x_wconf 89' lang='lat' dir='ltr'><strong>orabant.</strong></span> <span class='ocrx_word' id='word_1_62' title='bbox 1538 1232 1709 1300; x_wconf 88' lang='lat' dir='ltr'><strong>Cum</strong></span> <span class='ocrx_word' id='word_1_63' title='bbox 1759 1234 1828 1298; x_wconf 96' lang='lat' dir='ltr'><strong>id</strong></span> <span class='ocrx_word' id='word_1_64' title='bbox 1880 1256 2013 1299; x_wconf 95' lang='lat' dir='ltr'><strong>non</strong></span> <span class='ocrx_word' id='word_1_65' title='bbox 2072 1233 2279 1320; x_wconf 86' lang='lat' dir='ltr'><strong>impe-</strong></span> <span class='ocrx_word' id='word_1_66' title='bbox 2304 1251 2335 1299; x_wconf 84' lang='lat'><strong>2</strong></span> 
     </span>
     <span class='ocr_line' id='line_1_10' title="bbox 268 1335 2279 1429; baseline 0 -29"><span class='ocrx_word' id='word_1_67' title='bbox 268 1340 579 1416; x_wconf 83' lang='lat' dir='ltr'><strong>trassent,</strong></span> <span class='ocrx_word' id='word_1_68' title='bbox 640 1337 961 1423; x_wconf 87' lang='lat' dir='ltr'><strong>petebant</strong></span> <span class='ocrx_word' id='word_1_69' title='bbox 1020 1339 1119 1403; x_wconf 90' lang='lat' dir='ltr'><strong>uti</strong></span> <span class='ocrx_word' id='word_1_70' title='bbox 1182 1338 1268 1403; x_wconf 90' lang='lat' dir='ltr'><strong>ad</strong></span> <span class='ocrx_word' id='word_1_71' title='bbox 1329 1360 1440 1403; x_wconf 92' lang='lat' dir='ltr'><strong>eos</strong></span> <span class='ocrx_word' id='word_1_72' title='bbox 1496 1335 1809 1429; x_wconf 85' lang='lat' dir='ltr'><strong>[equites]</strong></span> <span class='ocrx_word' id='word_1_73' title='bbox 1873 1337 1989 1424; x_wconf 91' lang='lat' dir='ltr'><strong>qui</strong></span> <span class='ocrx_word' id='word_1_74' title='bbox 2039 1359 2279 1424; x_wconf 86' lang='lat' dir='ltr'><strong>agmen</strong></span> 
     </span>
    </p>

    <p class='ocr_par' dir='ltr' id='par_1_5' title="bbox 175 1441 2336 1926">
     <span class='ocr_line' id='line_1_11' title="bbox 175 1441 2281 1530; baseline -0 -22"><span class='ocrx_word' id='word_1_75' title='bbox 175 1460 243 1508; x_wconf 91' lang='lat'><strong>10</strong></span> <span class='ocrx_word' id='word_1_76' title='bbox 268 1441 776 1507; x_wconf 85' lang='lat' dir='ltr'><strong>antecessissent</strong></span> <span class='ocrx_word' id='word_1_77' title='bbox 818 1444 1279 1529; x_wconf 80' lang='lat' dir='ltr'><strong>praemitteret</strong></span> <span class='ocrx_word' id='word_1_78' title='bbox 1322 1465 1562 1529; x_wconf 90' lang='lat' dir='ltr'><strong>eosque</strong></span> <span class='ocrx_word' id='word_1_79' title='bbox 1607 1464 1835 1530; x_wconf 88' lang='lat' dir='ltr'><strong>pugna</strong></span> <span class='ocrx_word' id='word_1_80' title='bbox 1877 1442 2281 1530; x_wconf 88' lang='lat' dir='ltr'><strong>prohiberet,</strong></span> 
     </span>
     <span class='ocr_line' id='line_1_12' title="bbox 270 1545 2279 1633; baseline 0.002 -25"><span class='ocrx_word' id='word_1_81' title='bbox 270 1545 530 1631; x_wconf 89' lang='lat' dir='ltr'><strong>sibique</strong></span> <span class='ocrx_word' id='word_1_82' title='bbox 611 1551 690 1611; x_wconf 93' lang='lat' dir='ltr'><strong>ut</strong></span> <span class='ocrx_word' id='word_1_83' title='bbox 766 1551 1164 1633; x_wconf 88' lang='lat' dir='ltr'><strong>potestatem</strong></span> <span class='ocrx_word' id='word_1_84' title='bbox 1251 1547 1497 1613; x_wconf 85' lang='lat' dir='ltr'><strong>faceret</strong></span> <span class='ocrx_word' id='word_1_85' title='bbox 1576 1547 1646 1611; x_wconf 91' lang='lat' dir='ltr'><strong>in</strong></span> <span class='ocrx_word' id='word_1_86' title='bbox 1729 1546 1943 1611; x_wconf 89' lang='lat' dir='ltr'><strong>Ubios</strong></span> <span class='ocrx_word' id='word_1_87' title='bbox 2026 1545 2279 1632; x_wconf 88' lang='lat' dir='ltr'><strong>legatos</strong></span> 
     </span>
     <span class='ocr_line' id='line_1_13' title="bbox 271 1649 2336 1738; baseline 0.002 -25"><span class='ocrx_word' id='word_1_88' title='bbox 271 1649 622 1728; x_wconf 85' lang='lat' dir='ltr'><strong>mittendi3</strong></span> <span class='ocrx_word' id='word_1_89' title='bbox 690 1672 971 1736; x_wconf 89' lang='lat' dir='ltr'><strong>quorum</strong></span> <span class='ocrx_word' id='word_1_90' title='bbox 1019 1651 1074 1716; x_wconf 89' lang='lat' dir='ltr'><strong>si</strong></span> <span class='ocrx_word' id='word_1_91' title='bbox 1128 1652 1459 1738; x_wconf 90' lang='lat' dir='ltr'><strong>principes</strong></span> <span class='ocrx_word' id='word_1_92' title='bbox 1505 1673 1581 1717; x_wconf 85' lang='lat' dir='ltr'><strong>ac</strong></span> <span class='ocrx_word' id='word_1_93' title='bbox 1634 1656 1906 1716; x_wconf 88' lang='lat' dir='ltr'><strong>senatus</strong></span> <span class='ocrx_word' id='word_1_94' title='bbox 1952 1650 2079 1715; x_wconf 89' lang='lat' dir='ltr'><strong>sibi</strong></span> <span class='ocrx_word' id='word_1_95' title='bbox 2136 1650 2281 1715; x_wconf 89' lang='lat' dir='ltr'><strong>iure</strong></span> <span class='ocrx_word' id='word_1_96' title='bbox 2307 1670 2336 1718; x_wconf 86' lang='lat'><strong>3</strong></span> 
     </span>
     <span class='ocr_line' id='line_1_14' title="bbox 272 1753 2282 1841; baseline 0.001 -24"><span class='ocrx_word' id='word_1_97' title='bbox 272 1753 556 1819; x_wconf 88' lang='lat' dir='ltr'><strong>iurando</strong></span> <span class='ocrx_word' id='word_1_98' title='bbox 599 1753 798 1819; x_wconf 90' lang='lat' dir='ltr'><strong>fidem</strong></span> <span class='ocrx_word' id='word_1_99' title='bbox 844 1755 1125 1832; x_wconf 82' lang='lat' dir='ltr'><strong>fecisset,</strong></span> <span class='ocrx_word' id='word_1_100' title='bbox 1155 1778 1233 1820; x_wconf 88' lang='lat' dir='ltr'><strong>ea</strong></span> <span class='ocrx_word' id='word_1_101' title='bbox 1277 1755 1657 1820; x_wconf 90' lang='lat' dir='ltr'><strong>condicione</strong></span> <span class='ocrx_word' id='word_1_102' title='bbox 1703 1776 1871 1841; x_wconf 89' lang='lat' dir='ltr'><strong>quae</strong></span> <span class='ocrx_word' id='word_1_103' title='bbox 1914 1777 1956 1820; x_wconf 90' lang='lat' dir='ltr'><strong>a</strong></span> <span class='ocrx_word' id='word_1_104' title='bbox 2000 1753 2282 1820; x_wconf 86' lang='lat' dir='ltr'><strong>Caesare</strong></span> 
     </span>
     <span class='ocr_line' id='line_1_15' title="bbox 277 1854 2284 1926; baseline 0.001 -6"><span class='ocrx_word' id='word_1_105' title='bbox 277 1854 566 1923; x_wconf 89' lang='lat' dir='ltr'><strong>ferretur</strong></span> <span class='ocrx_word' id='word_1_106' title='bbox 595 1880 664 1923; x_wconf 89' lang='lat' dir='ltr'><strong>se</strong></span> <span class='ocrx_word' id='word_1_107' title='bbox 689 1881 924 1924; x_wconf 90' lang='lat' dir='ltr'><strong>usuros</strong></span> <span class='ocrx_word' id='word_1_108' title='bbox 946 1859 1419 1925; x_wconf 87' lang='lat' dir='ltr'><strong>ostendebant:</strong></span> <span class='ocrx_word' id='word_1_109' title='bbox 1464 1859 1550 1924; x_wconf 91' lang='lat' dir='ltr'><strong>ad</strong></span> <span class='ocrx_word' id='word_1_110' title='bbox 1576 1860 1699 1924; x_wconf 92' lang='lat' dir='ltr'><strong>has</strong></span> <span class='ocrx_word' id='word_1_111' title='bbox 1717 1881 1822 1924; x_wconf 90' lang='lat' dir='ltr'><strong>res</strong></span> <span class='ocrx_word' id='word_1_112' title='bbox 1845 1858 2284 1926; x_wconf 87' lang='lat' dir='ltr'><strong>conficiendas</strong></span> 
     </span>
    </p>

    <p class='ocr_par' dir='ltr' id='par_1_6' title="bbox 180 1961 2344 2467">
     <span class='ocr_line' id='line_1_16' title="bbox 180 1961 2337 2048; baseline 0.001 -27"><span class='ocrx_word' id='word_1_113' title='bbox 180 1973 247 2022; x_wconf 89' lang='lat'><strong>15</strong></span> <span class='ocrx_word' id='word_1_114' title='bbox 276 1961 403 2025; x_wconf 91' lang='lat' dir='ltr'><strong>sibi</strong></span> <span class='ocrx_word' id='word_1_115' title='bbox 434 1961 644 2027; x_wconf 89' lang='lat' dir='ltr'><strong>tridui</strong></span> <span class='ocrx_word' id='word_1_116' title='bbox 675 1963 967 2048; x_wconf 89' lang='lat' dir='ltr'><strong>spatium</strong></span> <span class='ocrx_word' id='word_1_117' title='bbox 997 1963 1206 2029; x_wconf 88' lang='lat' dir='ltr'><strong>daret.</strong></span> <span class='ocrx_word' id='word_1_118' title='bbox 1298 1964 1483 2030; x_wconf 87' lang='lat' dir='ltr'><strong>Haec</strong></span> <span class='ocrx_word' id='word_1_119' title='bbox 1512 1965 1738 2029; x_wconf 88' lang='lat' dir='ltr'><strong>omnia</strong></span> <span class='ocrx_word' id='word_1_120' title='bbox 1767 1962 2016 2030; x_wconf 88' lang='lat' dir='ltr'><strong>Caesar</strong></span> <span class='ocrx_word' id='word_1_121' title='bbox 2055 1963 2282 2029; x_wconf 90' lang='lat' dir='ltr'><strong>eodem</strong></span> <span class='ocrx_word' id='word_1_122' title='bbox 2310 1978 2337 2024; x_wconf 83' lang='lat'>4</span> 
     </span>
     <span class='ocr_line' id='line_1_17' title="bbox 276 2064 2285 2155; baseline 0.002 -27"><span class='ocrx_word' id='word_1_123' title='bbox 276 2064 393 2130; x_wconf 93' lang='lat' dir='ltr'><strong>illo</strong></span> <span class='ocrx_word' id='word_1_124' title='bbox 424 2066 755 2151; x_wconf 81' lang='lat' dir='ltr'><strong>pertinere</strong></span> <span class='ocrx_word' id='word_1_125' title='bbox 791 2067 1250 2133; x_wconf 84' lang='lat' dir='ltr'><strong>arbitrabatur</strong></span> <span class='ocrx_word' id='word_1_126' title='bbox 1289 2073 1368 2133; x_wconf 89' lang='lat' dir='ltr'><strong>ut</strong></span> <span class='ocrx_word' id='word_1_127' title='bbox 1404 2068 1614 2134; x_wconf 90' lang='lat' dir='ltr'><strong>tridui</strong></span> <span class='ocrx_word' id='word_1_128' title='bbox 1660 2089 1846 2132; x_wconf 91' lang='lat' dir='ltr'><strong>mora</strong></span> <span class='ocrx_word' id='word_1_129' title='bbox 1891 2067 2285 2155; x_wconf 87' lang='lat' dir='ltr'><strong>interposita</strong></span> 
     </span>
     <span class='ocr_line' id='line_1_18' title="bbox 278 2170 2285 2257; baseline 0.001 -23"><span class='ocrx_word' id='word_1_130' title='bbox 278 2170 535 2256; x_wconf 90' lang='lat' dir='ltr'><strong>equites</strong></span> <span class='ocrx_word' id='word_1_131' title='bbox 565 2193 794 2237; x_wconf 90' lang='lat' dir='ltr'><strong>eorum</strong></span> <span class='ocrx_word' id='word_1_132' title='bbox 825 2172 940 2257; x_wconf 89' lang='lat' dir='ltr'><strong>qui</strong></span> <span class='ocrx_word' id='word_1_133' title='bbox 971 2172 1278 2238; x_wconf 88' lang='lat' dir='ltr'><strong>abessent</strong></span> <span class='ocrx_word' id='word_1_134' title='bbox 1307 2177 1845 2253; x_wconf 82' lang='lat' dir='ltr'><strong>reverterentur3</strong></span> <span class='ocrx_word' id='word_1_135' title='bbox 1890 2176 2114 2237; x_wconf 86' lang='lat' dir='ltr'><strong>tamen</strong></span> <span class='ocrx_word' id='word_1_136' title='bbox 2146 2194 2285 2237; x_wconf 90' lang='lat' dir='ltr'><strong>sese</strong></span> 
     </span>
     <span class='ocr_line' id='line_1_19' title="bbox 280 2274 2285 2363; baseline 0.001 -25"><span class='ocrx_word' id='word_1_137' title='bbox 280 2296 413 2339; x_wconf 91' lang='lat' dir='ltr'><strong>non</strong></span> <span class='ocrx_word' id='word_1_138' title='bbox 466 2274 731 2362; x_wconf 89' lang='lat' dir='ltr'><strong>longius</strong></span> <span class='ocrx_word' id='word_1_139' title='bbox 777 2276 1048 2341; x_wconf 87' lang='lat' dir='ltr'><strong>milibus</strong></span> <span class='ocrx_word' id='word_1_140' title='bbox 1097 2298 1413 2363; x_wconf 87' lang='lat' dir='ltr'><strong>passuum</strong></span> <span class='ocrx_word' id='word_1_141' title='bbox 1454 2277 1606 2342; x_wconf 95' lang='lat' dir='ltr'>IIII</span> <span class='ocrx_word' id='word_1_142' title='bbox 1654 2277 2033 2362; x_wconf 88' lang='lat' dir='ltr'><strong>aquationis</strong></span> <span class='ocrx_word' id='word_1_143' title='bbox 2083 2297 2285 2341; x_wconf 87' lang='lat' dir='ltr'><strong>causa</strong></span> 
     </span>
     <span class='ocr_line' id='line_1_20' title="bbox 281 2380 2344 2467; baseline 0.001 -26"><span class='ocrx_word' id='word_1_144' title='bbox 281 2399 739 2464; x_wconf 88' lang='lat' dir='ltr'><strong>processurum</strong></span> <span class='ocrx_word' id='word_1_145' title='bbox 799 2402 875 2446; x_wconf 91' lang='lat' dir='ltr'><strong>eo</strong></span> <span class='ocrx_word' id='word_1_146' title='bbox 934 2380 1043 2446; x_wconf 97' lang='lat' dir='ltr'><strong>die</strong></span> <span class='ocrx_word' id='word_1_147' title='bbox 1114 2380 1333 2447; x_wconf 85' lang='lat' dir='ltr'><strong>dixit:</strong></span> <span class='ocrx_word' id='word_1_148' title='bbox 1405 2381 1535 2447; x_wconf 89' lang='lat' dir='ltr'><strong>huc</strong></span> <span class='ocrx_word' id='word_1_149' title='bbox 1594 2385 1858 2467; x_wconf 90' lang='lat' dir='ltr'><strong>postero</strong></span> <span class='ocrx_word' id='word_1_150' title='bbox 1917 2380 2024 2445; x_wconf 91' lang='lat' dir='ltr'><strong>die</strong></span> <span class='ocrx_word' id='word_1_151' title='bbox 2085 2401 2285 2466; x_wconf 91' lang='lat' dir='ltr'><strong>quam</strong></span> <span class='ocrx_word' id='word_1_152' title='bbox 2314 2395 2344 2444; x_wconf 84' lang='lat'><strong>5</strong></span> 
     </span>
    </p>

    <p class='ocr_par' dir='ltr' id='par_1_7' title="bbox 188 2483 2344 2990">
     <span class='ocr_line' id='line_1_21' title="bbox 188 2483 2287 2571; baseline 0.002 -27"><span class='ocrx_word' id='word_1_153' title='bbox 188 2498 255 2544; x_wconf 75' lang='lat'><strong>20</strong></span> <span class='ocrx_word' id='word_1_154' title='bbox 284 2483 806 2568; x_wconf 82' lang='lat' dir='ltr'><strong>frequentissimi</strong></span> <span class='ocrx_word' id='word_1_155' title='bbox 866 2486 1315 2563; x_wconf 90' lang='lat' dir='ltr'><strong>convenirent,</strong></span> <span class='ocrx_word' id='word_1_156' title='bbox 1362 2490 1442 2551; x_wconf 90' lang='lat' dir='ltr'><strong>ut</strong></span> <span class='ocrx_word' id='word_1_157' title='bbox 1505 2484 1586 2549; x_wconf 90' lang='lat' dir='ltr'><strong>de</strong></span> <span class='ocrx_word' id='word_1_158' title='bbox 1645 2507 1872 2550; x_wconf 90' lang='lat' dir='ltr'><strong>eorum</strong></span> <span class='ocrx_word' id='word_1_159' title='bbox 1931 2484 2287 2571; x_wconf 88' lang='lat' dir='ltr'><strong>postulatis</strong></span> 
     </span>
     <span class='ocr_line' id='line_1_22' title="bbox 281 2589 2344 2677; baseline 0.001 -26"><span class='ocrx_word' id='word_1_160' title='bbox 281 2595 716 2674; x_wconf 86' lang='lat' dir='ltr'><strong>cognosceret.</strong></span> <span class='ocrx_word' id='word_1_161' title='bbox 809 2590 1089 2656; x_wconf 81' lang='lat' dir='ltr'><strong>Interim</strong></span> <span class='ocrx_word' id='word_1_162' title='bbox 1149 2591 1236 2655; x_wconf 88' lang='lat' dir='ltr'><strong>ad</strong></span> <span class='ocrx_word' id='word_1_163' title='bbox 1296 2590 1684 2677; x_wconf 86' lang='lat' dir='ltr'><strong>praefectos,</strong></span> <span class='ocrx_word' id='word_1_164' title='bbox 1735 2591 1851 2676; x_wconf 93' lang='lat' dir='ltr'><strong>qui</strong></span> <span class='ocrx_word' id='word_1_165' title='bbox 1903 2612 2053 2656; x_wconf 90' lang='lat' dir='ltr'><strong>cum</strong></span> <span class='ocrx_word' id='word_1_166' title='bbox 2105 2589 2285 2655; x_wconf 90' lang='lat' dir='ltr'><strong>omni</strong></span> <span class='ocrx_word' id='word_1_167' title='bbox 2315 2608 2344 2654; x_wconf 86' lang='lat'><strong>6</strong></span> 
     </span>
     <span class='ocr_line' id='line_1_23' title="bbox 282 2692 2289 2781; baseline 0.001 -25"><span class='ocrx_word' id='word_1_168' title='bbox 282 2692 589 2777; x_wconf 89' lang='lat' dir='ltr'><strong>equitatu</strong></span> <span class='ocrx_word' id='word_1_169' title='bbox 617 2699 1126 2774; x_wconf 88' lang='lat' dir='ltr'><strong>antecesserant,</strong></span> <span class='ocrx_word' id='word_1_170' title='bbox 1150 2695 1365 2760; x_wconf 89' lang='lat' dir='ltr'><strong>mittit</strong></span> <span class='ocrx_word' id='word_1_171' title='bbox 1388 2695 1501 2781; x_wconf 91' lang='lat' dir='ltr'><strong>qui</strong></span> <span class='ocrx_word' id='word_1_172' title='bbox 1532 2694 1924 2760; x_wconf 87' lang='lat' dir='ltr'><strong>nuntiarent</strong></span> <span class='ocrx_word' id='word_1_173' title='bbox 1952 2716 2036 2759; x_wconf 92' lang='lat' dir='ltr'><strong>ne</strong></span> <span class='ocrx_word' id='word_1_174' title='bbox 2066 2695 2289 2759; x_wconf 87' lang='lat' dir='ltr'><strong>hostes</strong></span> 
     </span>
     <span class='ocr_line' id='line_1_24' title="bbox 283 2797 2291 2885; baseline 0 -24"><span class='ocrx_word' id='word_1_175' title='bbox 283 2797 533 2881; x_wconf 91' lang='lat' dir='ltr'><strong>proelio</strong></span> <span class='ocrx_word' id='word_1_176' title='bbox 561 2797 980 2880; x_wconf 87' lang='lat' dir='ltr'><strong>lacesserent,</strong></span> <span class='ocrx_word' id='word_1_177' title='bbox 1011 2806 1080 2864; x_wconf 91' lang='lat' dir='ltr'><strong>et</strong></span> <span class='ocrx_word' id='word_1_178' title='bbox 1107 2800 1164 2864; x_wconf 91' lang='lat' dir='ltr'><strong>si</strong></span> <span class='ocrx_word' id='word_1_179' title='bbox 1195 2800 1325 2885; x_wconf 92' lang='lat' dir='ltr'><strong>ipsi</strong></span> <span class='ocrx_word' id='word_1_180' title='bbox 1354 2799 1846 2876; x_wconf 87' lang='lat' dir='ltr'><strong>lacesserentur,</strong></span> <span class='ocrx_word' id='word_1_181' title='bbox 1883 2799 2291 2864; x_wconf 87' lang='lat' dir='ltr'><strong>sustinerent</strong></span> 
     </span>
     <span class='ocr_line' id='line_1_25' title="bbox 285 2901 1915 2990; baseline 0.002 -25"><span class='ocrx_word' id='word_1_182' title='bbox 285 2901 502 2985; x_wconf 88' lang='lat' dir='ltr'><strong>quoad</strong></span> <span class='ocrx_word' id='word_1_183' title='bbox 535 2902 673 2989; x_wconf 90' lang='lat' dir='ltr'><strong>ipse</strong></span> <span class='ocrx_word' id='word_1_184' title='bbox 703 2924 852 2968; x_wconf 92' lang='lat' dir='ltr'><strong>cum</strong></span> <span class='ocrx_word' id='word_1_185' title='bbox 885 2905 1181 2969; x_wconf 82' lang='lat' dir='ltr'><strong>exercitu</strong></span> <span class='ocrx_word' id='word_1_186' title='bbox 1212 2904 1486 2990; x_wconf 91' lang='lat' dir='ltr'><strong>propius</strong></span> <span class='ocrx_word' id='word_1_187' title='bbox 1516 2902 1915 2969; x_wconf 89' lang='lat' dir='ltr'><strong>accessisset.</strong></span> 
     </span>
    </p>
   </div>
   <div class='ocr_carea' id='block_1_5' title="bbox 2419 1017 2733 1779">
    <p class='ocr_par' dir='ltr' id='par_1_8' title="bbox 2419 1017 2733 1779">
     <span class='ocr_line' id='line_1_26' title="bbox 2421 1017 2629 1064; baseline -0.005 -13"><span class='ocrx_word' id='word_1_188' title='bbox 2421 1017 2629 1064; x_wconf 79' lang='lat' dir='ltr'><strong>envoys</strong></span> 
     </span>
     <span class='ocr_line' id='line_1_27' title="bbox 2419 1069 2730 1118; baseline -0.003 0"><span class='ocrx_word' id='word_1_189' title='bbox 2419 1074 2610 1118; x_wconf 85' lang='lat' dir='ltr'><strong>return</strong></span> <span class='ocrx_word' id='word_1_190' title='bbox 2620 1069 2730 1117; x_wconf 77' lang='lat' dir='ltr'><strong>and</strong></span> 
     </span>
     <span class='ocr_line' id='line_1_28' title="bbox 2422 1135 2729 1197; baseline -0.003 -13"><span class='ocrx_word' id='word_1_191' title='bbox 2422 1140 2510 1197; x_wconf 78' lang='lat' dir='ltr'><strong>try</strong></span> <span class='ocrx_word' id='word_1_192' title='bbox 2526 1138 2585 1185; x_wconf 86' lang='lat' dir='ltr'><strong>to</strong></span> <span class='ocrx_word' id='word_1_193' title='bbox 2599 1135 2729 1196; x_wconf 82' lang='lat' dir='ltr'><strong>gain</strong></span> 
     </span>
     <span class='ocr_line' id='line_1_29' title="bbox 2421 1202 2592 1250; baseline -0.006 0"><span class='ocrx_word' id='word_1_194' title='bbox 2421 1202 2556 1250; x_wconf 87' lang='lat' dir='ltr'><strong>time</strong></span> <span class='ocrx_word' id='word_1_195' title='bbox 2579 1218 2592 1249; x_wconf 79' lang='lat' dir='ltr'><strong>t</strong></span> 
     </span>
     <span class='ocr_line' id='line_1_30' title="bbox 2422 1267 2619 1317; baseline -0.01 0"><span class='ocrx_word' id='word_1_196' title='bbox 2422 1267 2619 1317; x_wconf 82' lang='lat' dir='ltr'><strong>Caesar</strong></span> 
     </span>
     <span class='ocr_line' id='line_1_31' title="bbox 2422 1334 2587 1383; baseline 0 -1"><span class='ocrx_word' id='word_1_197' title='bbox 2422 1334 2587 1383; x_wconf 79' lang='lat' dir='ltr'><strong>sends</strong></span> 
     </span>
     <span class='ocr_line' id='line_1_32' title="bbox 2421 1399 2687 1448; baseline -0.011 0"><span class='ocrx_word' id='word_1_198' title='bbox 2421 1399 2607 1448; x_wconf 86' lang='lat' dir='ltr'><strong>orders</strong></span> <span class='ocrx_word' id='word_1_199' title='bbox 2629 1400 2687 1447; x_wconf 85' lang='lat' dir='ltr'><strong>to</strong></span> 
     </span>
     <span class='ocr_line' id='line_1_33' title="bbox 2421 1465 2730 1525; baseline -0.01 -10"><span class='ocrx_word' id='word_1_200' title='bbox 2421 1465 2730 1525; x_wconf 82' lang='lat' dir='ltr'><strong>hiscavalry</strong></span> 
     </span>
     <span class='ocr_line' id='line_1_34' title="bbox 2421 1532 2733 1581; baseline -0.01 -1"><span class='ocrx_word' id='word_1_201' title='bbox 2421 1532 2624 1581; x_wconf 73' lang='lat' dir='ltr'><strong>officere</strong></span> <span class='ocrx_word' id='word_1_202' title='bbox 2638 1534 2733 1578; x_wconf 86' lang='lat' dir='ltr'><strong>not</strong></span> 
     </span>
     <span class='ocr_line' id='line_1_35' title="bbox 2421 1597 2681 1647; baseline -0.008 -1"><span class='ocrx_word' id='word_1_203' title='bbox 2421 1601 2479 1646; x_wconf 87' lang='lat' dir='ltr'><strong>to</strong></span> <span class='ocrx_word' id='word_1_204' title='bbox 2500 1597 2681 1647; x_wconf 80' lang='lat' dir='ltr'><strong>attack</strong></span> 
     </span>
     <span class='ocr_line' id='line_1_36' title="bbox 2422 1665 2519 1713; baseline -0.021 0"><span class='ocrx_word' id='word_1_205' title='bbox 2422 1665 2519 1713; x_wconf 81' lang='lat' dir='ltr'><strong>the</strong></span> 
     </span>
     <span class='ocr_line' id='line_1_37' title="bbox 2424 1731 2709 1779; baseline -0.004 0"><span class='ocrx_word' id='word_1_206' title='bbox 2424 1731 2709 1779; x_wconf 83' lang='lat' dir='ltr'><strong>Germans.</strong></span> 
     </span>
    </p>
   </div>
   <div class='ocr_carea' id='block_1_6' title="bbox 188 3007 2690 3096">
    <p class='ocr_par' dir='ltr' id='par_1_9' title="bbox 188 3007 2690 3096">
     <span class='ocr_line' id='line_1_38' title="bbox 188 3007 2690 3096; baseline -0.002 -25"><span class='ocrx_word' id='word_1_207' title='bbox 188 3032 256 3079; x_wconf 75' lang='lat'><strong>25</strong></span> <span class='ocrx_word' id='word_1_208' title='bbox 373 3007 467 3071; x_wconf 91' lang='lat' dir='ltr'><strong>At</strong></span> <span class='ocrx_word' id='word_1_209' title='bbox 497 3008 738 3089; x_wconf 89' lang='lat' dir='ltr'><strong>hostes,</strong></span> <span class='ocrx_word' id='word_1_210' title='bbox 770 3008 885 3073; x_wconf 92' lang='lat' dir='ltr'><strong>ubi</strong></span> <span class='ocrx_word' id='word_1_211' title='bbox 915 3008 1205 3096; x_wconf 89' lang='lat' dir='ltr'><strong>primum</strong></span> <span class='ocrx_word' id='word_1_212' title='bbox 1225 3015 1486 3074; x_wconf 90' lang='lat' dir='ltr'><strong>nostros</strong></span> <span class='ocrx_word' id='word_1_213' title='bbox 1510 3007 1768 3094; x_wconf 90' lang='lat' dir='ltr'><strong>equites</strong></span> <span class='ocrx_word' id='word_1_214' title='bbox 1784 3010 2291 3094; x_wconf 87' lang='lat' dir='ltr'><strong>conspexerunt,</strong></span> <span class='ocrx_word' id='word_1_215' title='bbox 2322 3017 2413 3074; x_wconf 77' lang='lat'><strong>12</strong></span> <span class='ocrx_word' id='word_1_216' title='bbox 2433 3030 2534 3079; x_wconf 76' lang='lat'><strong>300</strong></span> <span class='ocrx_word' id='word_1_217' title='bbox 2556 3029 2690 3077; x_wconf 73' lang='lat' dir='ltr'><strong>Gor-</strong></span> 
     </span>
    </p>
   </div>
   <div class='ocr_carea' id='block_1_7' title="bbox 288 3111 2292 3199">
    <p class='ocr_par' dir='ltr' id='par_1_10' title="bbox 288 3111 2292 3199">
     <span class='ocr_line' id='line_1_39' title="bbox 288 3111 2292 3199; baseline -0 -25"><span class='ocrx_word' id='word_1_218' title='bbox 288 3133 569 3195; x_wconf 88' lang='lat' dir='ltr'><strong>quorum</strong></span> <span class='ocrx_word' id='word_1_219' title='bbox 602 3118 747 3177; x_wconf 89' lang='lat' dir='ltr'><strong>erat</strong></span> <span class='ocrx_word' id='word_1_220' title='bbox 778 3112 837 3175; x_wconf 95' lang='lat' dir='ltr'><strong>V</strong></span> <span class='ocrx_word' id='word_1_221' title='bbox 868 3113 1124 3179; x_wconf 90' lang='lat' dir='ltr'><strong>milium</strong></span> <span class='ocrx_word' id='word_1_222' title='bbox 1150 3135 1482 3193; x_wconf 89' lang='lat' dir='ltr'><strong>numerus,</strong></span> <span class='ocrx_word' id='word_1_223' title='bbox 1503 3134 1654 3179; x_wconf 90' lang='lat' dir='ltr'><strong>cum</strong></span> <span class='ocrx_word' id='word_1_224' title='bbox 1685 3113 1812 3199; x_wconf 91' lang='lat' dir='ltr'><strong>ipsi</strong></span> <span class='ocrx_word' id='word_1_225' title='bbox 1842 3133 1975 3176; x_wconf 91' lang='lat' dir='ltr'><strong>non</strong></span> <span class='ocrx_word' id='word_1_226' title='bbox 2006 3111 2292 3196; x_wconf 90' lang='lat' dir='ltr'><strong>amplius</strong></span> 
     </span>
    </p>
   </div>
   <div class='ocr_carea' id='block_1_8' title="bbox 288 3314 2307 4463">
    <p class='ocr_par' dir='ltr' id='par_1_11' title="bbox 288 3314 2298 3676">
     <span class='ocr_line' id='line_1_40' title="bbox 358 3314 2295 3388; baseline -0.001 -18"><span class='ocrx_word' id='word_1_227' title='bbox 358 3315 388 3388; x_wconf 76' lang='lat'>§</span> <span class='ocrx_word' id='word_1_228' title='bbox 416 3318 467 3371; x_wconf 89' lang='lat'><strong>5.</strong></span> <span class='ocrx_word' id='word_1_229' title='bbox 504 3319 907 3373; x_wconf 74' lang='lat' dir='ltr'><strong>existimantur.</strong></span> <span class='ocrx_word' id='word_1_230' title='bbox 984 3316 1070 3373; x_wconf 89' lang='lat' dir='ltr'><strong>No</strong></span> <span class='ocrx_word' id='word_1_231' title='bbox 1109 3318 1286 3374; x_wconf 91' lang='lat' dir='ltr'><strong>doubt</strong></span> <span class='ocrx_word' id='word_1_232' title='bbox 1314 3318 1414 3374; x_wconf 88' lang='lat' dir='ltr'><strong>the</strong></span> <span class='ocrx_word' id='word_1_233' title='bbox 1442 3318 1667 3374; x_wconf 86' lang='lat' dir='ltr'><strong>learner</strong></span> <span class='ocrx_word' id='word_1_234' title='bbox 1691 3315 1794 3370; x_wconf 87' lang='lat' dir='ltr'><strong>has</strong></span> <span class='ocrx_word' id='word_1_235' title='bbox 1818 3315 1962 3371; x_wconf 88' lang='lat' dir='ltr'><strong>been</strong></span> <span class='ocrx_word' id='word_1_236' title='bbox 1994 3314 2203 3386; x_wconf 81' lang='lat' dir='ltr'><strong>taught</strong></span> <span class='ocrx_word' id='word_1_237' title='bbox 2235 3317 2295 3369; x_wconf 90' lang='lat' dir='ltr'><strong>to</strong></span> 
     </span>
     <span class='ocr_line' id='line_1_41' title="bbox 290 3386 2295 3461; baseline -0.002 -18"><span class='ocrx_word' id='word_1_238' title='bbox 290 3390 454 3445; x_wconf 83' lang='lat' dir='ltr'><strong>write</strong></span> <span class='ocrx_word' id='word_1_239' title='bbox 478 3398 608 3444; x_wconf 81' lang='lat' dir='ltr'><strong>sunt</strong></span> <span class='ocrx_word' id='word_1_240' title='bbox 636 3394 732 3461; x_wconf 77' lang='lat' dir='ltr'><strong>qui</strong></span> <span class='ocrx_word' id='word_1_241' title='bbox 755 3398 961 3459; x_wconf 78' lang='lat' dir='ltr'><strong>putent,</strong></span> <span class='ocrx_word' id='word_1_242' title='bbox 989 3392 1108 3453; x_wconf 75' lang='grc' dir='ltr'><strong>διο..</strong></span> <span class='ocrx_word' id='word_1_243' title='bbox 1140 3389 1255 3445; x_wconf 85' lang='lat' dir='ltr'><strong>and</strong></span> <span class='ocrx_word' id='word_1_244' title='bbox 1288 3390 1360 3447; x_wconf 88' lang='lat' dir='ltr'><strong>he</strong></span> <span class='ocrx_word' id='word_1_245' title='bbox 1393 3406 1525 3458; x_wconf 81' lang='lat' dir='ltr'><strong>may</strong></span> <span class='ocrx_word' id='word_1_246' title='bbox 1550 3387 1779 3443; x_wconf 83' lang='lat' dir='ltr'><strong>wonder</strong></span> <span class='ocrx_word' id='word_1_247' title='bbox 1802 3387 1932 3457; x_wconf 82' lang='lat' dir='ltr'><strong>why</strong></span> <span class='ocrx_word' id='word_1_248' title='bbox 1958 3386 2164 3443; x_wconf 81' lang='lat' dir='ltr'><strong>Caesar</strong></span> <span class='ocrx_word' id='word_1_249' title='bbox 2195 3386 2295 3441; x_wconf 89' lang='lat' dir='ltr'><strong>did</strong></span> 
     </span>
     <span class='ocr_line' id='line_1_42' title="bbox 292 3457 2298 3533; baseline -0.001 -18"><span class='ocrx_word' id='word_1_250' title='bbox 292 3465 395 3515; x_wconf 86' lang='lat' dir='ltr'><strong>not</strong></span> <span class='ocrx_word' id='word_1_251' title='bbox 420 3460 581 3516; x_wconf 86' lang='lat' dir='ltr'><strong>write</strong></span> <span class='ocrx_word' id='word_1_252' title='bbox 605 3465 995 3517; x_wconf 76' lang='lat' dir='ltr'><strong>existimentur.</strong></span> <span class='ocrx_word' id='word_1_253' title='bbox 1072 3462 1186 3517; x_wconf 90' lang='lat' dir='ltr'><strong>But</strong></span> <span class='ocrx_word' id='word_1_254' title='bbox 1207 3469 1338 3517; x_wconf 82' lang='lat' dir='ltr'><strong>sunt</strong></span> <span class='ocrx_word' id='word_1_255' title='bbox 1368 3464 1463 3533; x_wconf 78' lang='lat' dir='ltr'><strong>qui</strong></span> <span class='ocrx_word' id='word_1_256' title='bbox 1486 3467 1681 3530; x_wconf 78' lang='lat' dir='ltr'><strong>putent</strong></span> <span class='ocrx_word' id='word_1_257' title='bbox 1712 3459 1761 3514; x_wconf 86' lang='lat' dir='ltr'><strong>is</strong></span> <span class='ocrx_word' id='word_1_258' title='bbox 1793 3476 1829 3513; x_wconf 86' lang='lat' dir='ltr'><strong>a</strong></span> <span class='ocrx_word' id='word_1_259' title='bbox 1859 3457 2095 3529; x_wconf 81' lang='lat' dir='ltr'><strong>general</strong></span> <span class='ocrx_word' id='word_1_260' title='bbox 2127 3461 2298 3513; x_wconf 82' lang='lat' dir='ltr'><strong>state-</strong></span> 
     </span>
     <span class='ocr_line' id='line_1_43' title="bbox 292 3528 2294 3616; baseline -0.001 -30"><span class='ocrx_word' id='word_1_261' title='bbox 292 3535 465 3598; x_wconf 88' lang='lat' dir='ltr'><strong>ment,</strong></span> <span class='ocrx_word' id='word_1_262' title='bbox 484 3531 757 3616; x_wconf 80' lang='lat' dir='ltr'><strong>meaning</strong></span> <span class='ocrx_word' id='word_1_263' title='bbox 771 3536 785 3563; x_wconf 91' lang='lat'>‘</span> <span class='ocrx_word' id='word_1_264' title='bbox 800 3532 965 3589; x_wconf 85' lang='lat' dir='ltr'><strong>there</strong></span> <span class='ocrx_word' id='word_1_265' title='bbox 985 3550 1079 3587; x_wconf 84' lang='lat' dir='ltr'><strong>are</strong></span> <span class='ocrx_word' id='word_1_266' title='bbox 1098 3532 1306 3602; x_wconf 86' lang='lat' dir='ltr'><strong>people</strong></span> <span class='ocrx_word' id='word_1_267' title='bbox 1322 3551 1381 3588; x_wconf 87' lang='lat' dir='ltr'><strong>so</strong></span> <span class='ocrx_word' id='word_1_268' title='bbox 1402 3531 1752 3587; x_wconf 80' lang='lat' dir='ltr'><strong>constituted</strong></span> <span class='ocrx_word' id='word_1_269' title='bbox 1766 3529 1902 3585; x_wconf 84' lang='lat' dir='ltr'><strong>that</strong></span> <span class='ocrx_word' id='word_1_270' title='bbox 1914 3530 2054 3600; x_wconf 81' lang='lat' dir='ltr'><strong>they</strong></span> <span class='ocrx_word' id='word_1_271' title='bbox 2074 3529 2243 3584; x_wconf 85' lang='lat' dir='ltr'><strong>think</strong></span> <span class='ocrx_word' id='word_1_272' title='bbox 2262 3528 2294 3595; x_wconf 87' lang='lat'><strong>’‚</strong></span> 
     </span>
     <span class='ocr_line' id='line_1_44' title="bbox 288 3602 2058 3676; baseline -0.001 -16"><span class='ocrx_word' id='word_1_273' title='bbox 288 3604 542 3660; x_wconf 84' lang='lat' dir='ltr'><strong>whereas</strong></span> <span class='ocrx_word' id='word_1_274' title='bbox 565 3602 628 3657; x_wconf 93' lang='lat' dir='ltr'><strong>in</strong></span> <span class='ocrx_word' id='word_1_275' title='bbox 651 3604 771 3660; x_wconf 79' lang='lat' dir='ltr'><strong>this</strong></span> <span class='ocrx_word' id='word_1_276' title='bbox 793 3622 1029 3676; x_wconf 80' lang='lat' dir='ltr'><strong>passage</strong></span> <span class='ocrx_word' id='word_1_277' title='bbox 1054 3604 1365 3674; x_wconf 86' lang='lat' dir='ltr'><strong>particular</strong></span> <span class='ocrx_word' id='word_1_278' title='bbox 1388 3602 1564 3660; x_wconf 85' lang='lat' dir='ltr'><strong>tribes</strong></span> <span class='ocrx_word' id='word_1_279' title='bbox 1585 3619 1681 3658; x_wconf 87' lang='lat' dir='ltr'><strong>are</strong></span> <span class='ocrx_word' id='word_1_280' title='bbox 1709 3602 1955 3658; x_wconf 86' lang='lat' dir='ltr'><strong>referred</strong></span> <span class='ocrx_word' id='word_1_281' title='bbox 1981 3606 2058 3658; x_wconf 91' lang='grc' dir='ltr'><strong>ιο.</strong></span> 
     </span>
    </p>

    <p class='ocr_par' dir='ltr' id='par_1_12' title="bbox 290 3672 2307 4103">
     <span class='ocr_line' id='line_1_45' title="bbox 361 3672 2300 3748; baseline -0.002 -18"><span class='ocrx_word' id='word_1_282' title='bbox 361 3678 450 3740; x_wconf 86' lang='grc'><strong>11,</strong></span> <span class='ocrx_word' id='word_1_283' title='bbox 472 3674 502 3747; x_wconf 81' lang='lat'><strong>§</strong></span> <span class='ocrx_word' id='word_1_284' title='bbox 527 3675 578 3731; x_wconf 85' lang='lat'><strong>2.</strong></span> <span class='ocrx_word' id='word_1_285' title='bbox 616 3693 701 3732; x_wconf 83' lang='lat' dir='ltr'><strong>eos</strong></span> <span class='ocrx_word' id='word_1_286' title='bbox 718 3675 960 3748; x_wconf 70' lang='lat' dir='ltr'><strong>[equites]</strong></span> <span class='ocrx_word' id='word_1_287' title='bbox 991 3716 1005 3730; x_wconf 92' lang='lat'><strong>.</strong></span> <span class='ocrx_word' id='word_1_288' title='bbox 1034 3717 1046 3730; x_wconf 95' lang='lat'><strong>.</strong></span> <span class='ocrx_word' id='word_1_289' title='bbox 1077 3718 1089 3730; x_wconf 93' lang='lat'><strong>.</strong></span> <span class='ocrx_word' id='word_1_290' title='bbox 1117 3679 1531 3731; x_wconf 76' lang='lat' dir='ltr'><strong>antecessissent.</strong></span> <span class='ocrx_word' id='word_1_291' title='bbox 1604 3673 1663 3727; x_wconf 87' lang='lat' dir='ltr'><strong>If</strong></span> <span class='ocrx_word' id='word_1_292' title='bbox 1675 3672 1882 3729; x_wconf 84' lang='lat' dir='ltr'><strong>Caesar</strong></span> <span class='ocrx_word' id='word_1_293' title='bbox 1895 3678 2071 3729; x_wconf 87' lang='lat' dir='ltr'><strong>wrote</strong></span> <span class='ocrx_word' id='word_1_294' title='bbox 2088 3675 2300 3745; x_wconf 75' lang='lat' dir='ltr'><strong>equites,</strong></span> 
     </span>
     <span class='ocr_line' id='line_1_46' title="bbox 290 3744 2301 3819; baseline -0 -19"><span class='ocrx_word' id='word_1_295' title='bbox 290 3746 339 3801; x_wconf 88' lang='lat' dir='ltr'><strong>it</strong></span> <span class='ocrx_word' id='word_1_296' title='bbox 366 3746 414 3801; x_wconf 83' lang='lat' dir='ltr'><strong>is</strong></span> <span class='ocrx_word' id='word_1_297' title='bbox 438 3746 756 3819; x_wconf 81' lang='lat' dir='ltr'><strong>surprising</strong></span> <span class='ocrx_word' id='word_1_298' title='bbox 779 3748 911 3803; x_wconf 88' lang='lat' dir='ltr'><strong>that</strong></span> <span class='ocrx_word' id='word_1_299' title='bbox 934 3747 1007 3804; x_wconf 88' lang='lat' dir='ltr'><strong>he</strong></span> <span class='ocrx_word' id='word_1_300' title='bbox 1035 3745 1136 3803; x_wconf 83' lang='lat' dir='ltr'><strong>did</strong></span> <span class='ocrx_word' id='word_1_301' title='bbox 1158 3750 1263 3802; x_wconf 88' lang='lat' dir='ltr'><strong>not</strong></span> <span class='ocrx_word' id='word_1_302' title='bbox 1299 3748 1551 3804; x_wconf 88' lang='lat' dir='ltr'><strong>mention</strong></span> <span class='ocrx_word' id='word_1_303' title='bbox 1576 3745 1767 3801; x_wconf 84' lang='lat' dir='ltr'><strong>before</strong></span> <span class='ocrx_word' id='word_1_304' title='bbox 1787 3745 1918 3800; x_wconf 87' lang='lat' dir='ltr'><strong>that</strong></span> <span class='ocrx_word' id='word_1_305' title='bbox 1942 3744 2164 3814; x_wconf 83' lang='lat' dir='ltr'><strong>cavalry</strong></span> <span class='ocrx_word' id='word_1_306' title='bbox 2187 3744 2301 3799; x_wconf 88' lang='lat' dir='ltr'><strong>had</strong></span> 
     </span>
     <span class='ocr_line' id='line_1_47' title="bbox 290 3816 2305 3888; baseline -0.002 -16"><span class='ocrx_word' id='word_1_307' title='bbox 290 3835 438 3888; x_wconf 81' lang='lat' dir='ltr'><strong>gone</strong></span> <span class='ocrx_word' id='word_1_308' title='bbox 462 3835 538 3873; x_wconf 90' lang='lat' dir='ltr'><strong>on</strong></span> <span class='ocrx_word' id='word_1_309' title='bbox 558 3816 621 3873; x_wconf 88' lang='lat' dir='ltr'><strong>in</strong></span> <span class='ocrx_word' id='word_1_310' title='bbox 646 3820 899 3876; x_wconf 82' lang='lat' dir='ltr'><strong>advance</strong></span> <span class='ocrx_word' id='word_1_311' title='bbox 924 3820 991 3875; x_wconf 84' lang='lat' dir='ltr'><strong>os</strong></span> <span class='ocrx_word' id='word_1_312' title='bbox 1007 3820 1106 3874; x_wconf 87' lang='lat' dir='ltr'><strong>the</strong></span> <span class='ocrx_word' id='word_1_313' title='bbox 1132 3818 1381 3885; x_wconf 88' lang='lat' dir='ltr'><strong>column,</strong></span> <span class='ocrx_word' id='word_1_314' title='bbox 1408 3818 1539 3881; x_wconf 80' lang='lat' dir='ltr'><strong>and,</strong></span> <span class='ocrx_word' id='word_1_315' title='bbox 1564 3833 1873 3883; x_wconf 85' lang='lat' dir='ltr'><strong>moreover,</strong></span> <span class='ocrx_word' id='word_1_316' title='bbox 1895 3834 1976 3873; x_wconf 86' lang='lat' dir='ltr'><strong>we</strong></span> <span class='ocrx_word' id='word_1_317' title='bbox 2002 3820 2156 3872; x_wconf 83' lang='lat' dir='ltr'><strong>must</strong></span> <span class='ocrx_word' id='word_1_318' title='bbox 2180 3833 2305 3871; x_wconf 89' lang='lat' dir='ltr'><strong>con·</strong></span> 
     </span>
     <span class='ocr_line' id='line_1_48' title="bbox 291 3885 2307 3960; baseline -0.002 -16"><span class='ocrx_word' id='word_1_319' title='bbox 291 3889 457 3945; x_wconf 88' lang='lat' dir='ltr'><strong>clude</strong></span> <span class='ocrx_word' id='word_1_320' title='bbox 482 3889 613 3945; x_wconf 87' lang='lat' dir='ltr'><strong>that</strong></span> <span class='ocrx_word' id='word_1_321' title='bbox 636 3891 776 3960; x_wconf 78' lang='lat' dir='ltr'><strong>only</strong></span> <span class='ocrx_word' id='word_1_322' title='bbox 799 3908 952 3947; x_wconf 86' lang='lat' dir='ltr'><strong>some</strong></span> <span class='ocrx_word' id='word_1_323' title='bbox 979 3891 1044 3946; x_wconf 88' lang='lat' dir='ltr'><strong>of</strong></span> <span class='ocrx_word' id='word_1_324' title='bbox 1060 3892 1159 3947; x_wconf 88' lang='lat' dir='ltr'><strong>the</strong></span> <span class='ocrx_word' id='word_1_325' title='bbox 1183 3890 1412 3959; x_wconf 84' lang='lat' dir='ltr'><strong>cavalry</strong></span> <span class='ocrx_word' id='word_1_326' title='bbox 1435 3890 1548 3945; x_wconf 84' lang='lat' dir='ltr'><strong>had</strong></span> <span class='ocrx_word' id='word_1_327' title='bbox 1572 3890 1722 3944; x_wconf 88' lang='lat' dir='ltr'><strong>done</strong></span> <span class='ocrx_word' id='word_1_328' title='bbox 1747 3906 1823 3952; x_wconf 87' lang='lat' dir='ltr'><strong>s0,</strong></span> <span class='ocrx_word' id='word_1_329' title='bbox 1855 3889 2106 3945; x_wconf 83' lang='lat' dir='ltr'><strong>whereas</strong></span> <span class='ocrx_word' id='word_1_330' title='bbox 2130 3888 2190 3942; x_wconf 89' lang='lat' dir='ltr'><strong>in</strong></span> <span class='ocrx_word' id='word_1_331' title='bbox 2218 3885 2247 3959; x_wconf 67' lang='grc' dir='ltr'><strong>ξ</strong></span> <span class='ocrx_word' id='word_1_332' title='bbox 2273 3888 2307 3940; x_wconf 87' lang='grc'><strong>6</strong></span> 
     </span>
     <span class='ocr_line' id='line_1_49' title="bbox 294 3958 2306 4033; baseline -0.002 -18"><span class='ocrx_word' id='word_1_333' title='bbox 294 3980 379 4018; x_wconf 82' lang='lat' dir='ltr'><strong>we</strong></span> <span class='ocrx_word' id='word_1_334' title='bbox 417 3962 553 4018; x_wconf 83' lang='lat' dir='ltr'><strong>read</strong></span> <span class='ocrx_word' id='word_1_335' title='bbox 578 3962 710 4017; x_wconf 88' lang='lat' dir='ltr'><strong>that</strong></span> <span class='ocrx_word' id='word_1_336' title='bbox 745 3962 824 4017; x_wconf 88' lang='lat' dir='ltr'><strong>all</strong></span> <span class='ocrx_word' id='word_1_337' title='bbox 862 3963 992 4018; x_wconf 85' lang='lat' dir='ltr'><strong>had.</strong></span> <span class='ocrx_word' id='word_1_338' title='bbox 1067 3962 1094 4016; x_wconf 96' lang='lat' dir='ltr'>I</span> <span class='ocrx_word' id='word_1_339' title='bbox 1122 3961 1337 4019; x_wconf 81' lang='lat' dir='ltr'><strong>believe</strong></span> <span class='ocrx_word' id='word_1_340' title='bbox 1363 3961 1495 4018; x_wconf 87' lang='lat' dir='ltr'><strong>that</strong></span> <span class='ocrx_word' id='word_1_341' title='bbox 1518 3963 1731 4033; x_wconf 77' lang='lat' dir='ltr'><strong>equites,</strong></span> <span class='ocrx_word' id='word_1_342' title='bbox 1762 3959 1945 4015; x_wconf 85' lang='lat' dir='ltr'><strong>which</strong></span> <span class='ocrx_word' id='word_1_343' title='bbox 1980 3959 2029 4014; x_wconf 89' lang='lat' dir='ltr'><strong>is</strong></span> <span class='ocrx_word' id='word_1_344' title='bbox 2067 3958 2306 4014; x_wconf 87' lang='lat' dir='ltr'><strong>omitted</strong></span> 
     </span>
     <span class='ocr_line' id='line_1_50' title="bbox 293 4033 1063 4103; baseline 0.003 -15"><span class='ocrx_word' id='word_1_345' title='bbox 293 4034 354 4088; x_wconf 90' lang='lat' dir='ltr'><strong>in</strong></span> <span class='ocrx_word' id='word_1_346' title='bbox 379 4036 446 4098; x_wconf 92' lang='lat' dir='ltr'><strong>L,</strong></span> <span class='ocrx_word' id='word_1_347' title='bbox 470 4033 519 4088; x_wconf 90' lang='lat' dir='ltr'><strong>is</strong></span> <span class='ocrx_word' id='word_1_348' title='bbox 541 4051 615 4088; x_wconf 87' lang='lat' dir='ltr'><strong>an</strong></span> <span class='ocrx_word' id='word_1_349' title='bbox 638 4033 1063 4103; x_wconf 83' lang='lat' dir='ltr'><strong>interpolation.</strong></span> 
     </span>
    </p>

    <p class='ocr_par' dir='ltr' id='par_1_13' title="bbox 294 4101 2305 4319">
     <span class='ocr_line' id='line_1_51' title="bbox 367 4101 2305 4188; baseline -0.001 -29"><span class='ocrx_word' id='word_1_350' title='bbox 367 4103 471 4177; x_wconf 76' lang='lat'><strong>§5.</strong></span> <span class='ocrx_word' id='word_1_351' title='bbox 507 4124 671 4177; x_wconf 74' lang='lat' dir='ltr'><strong>quam</strong></span> <span class='ocrx_word' id='word_1_352' title='bbox 691 4109 1139 4188; x_wconf 61' lang='lat' dir='ltr'><strong>frequentissimi.</strong></span> <span class='ocrx_word' id='word_1_353' title='bbox 1212 4104 1520 4176; x_wconf 83' lang='lat' dir='ltr'><strong>Evidently</strong></span> <span class='ocrx_word' id='word_1_354' title='bbox 1553 4103 1762 4160; x_wconf 80' lang='lat' dir='ltr'><strong>Caesar</strong></span> <span class='ocrx_word' id='word_1_355' title='bbox 1795 4101 2070 4185; x_wconf 77' lang='lat' dir='ltr'><strong>intended</strong></span> <span class='ocrx_word' id='word_1_356' title='bbox 2106 4105 2168 4157; x_wconf 86' lang='lat' dir='ltr'><strong>to</strong></span> <span class='ocrx_word' id='word_1_357' title='bbox 2205 4105 2305 4170; x_wconf 76' lang='lat' dir='ltr'><strong>get</strong></span> 
     </span>
     <span class='ocr_line' id='line_1_52' title="bbox 296 4173 2296 4246; baseline -0.003 -15"><span class='ocrx_word' id='word_1_358' title='bbox 296 4178 396 4232; x_wconf 88' lang='lat' dir='ltr'><strong>the</strong></span> <span class='ocrx_word' id='word_1_359' title='bbox 434 4176 681 4232; x_wconf 85' lang='lat' dir='ltr'><strong>German</strong></span> <span class='ocrx_word' id='word_1_360' title='bbox 720 4178 916 4241; x_wconf 88' lang='lat' dir='ltr'><strong>ch1efs,</strong></span> <span class='ocrx_word' id='word_1_361' title='bbox 948 4195 1013 4232; x_wconf 92' lang='lat' dir='ltr'><strong>or</strong></span> <span class='ocrx_word' id='word_1_362' title='bbox 1049 4197 1110 4233; x_wconf 86' lang='lat' dir='ltr'><strong>as</strong></span> <span class='ocrx_word' id='word_1_363' title='bbox 1143 4194 1318 4246; x_wconf 78' lang='lat' dir='ltr'><strong>many</strong></span> <span class='ocrx_word' id='word_1_364' title='bbox 1354 4196 1417 4233; x_wconf 87' lang='lat' dir='ltr'><strong>as</strong></span> <span class='ocrx_word' id='word_1_365' title='bbox 1451 4176 1640 4232; x_wconf 88' lang='lat' dir='ltr'><strong>would</strong></span> <span class='ocrx_word' id='word_1_366' title='bbox 1669 4173 1818 4231; x_wconf 87' lang='lat' dir='ltr'><strong>walk</strong></span> <span class='ocrx_word' id='word_1_367' title='bbox 1855 4177 1982 4229; x_wconf 80' lang='lat' dir='ltr'><strong>into</strong></span> <span class='ocrx_word' id='word_1_368' title='bbox 2015 4173 2115 4228; x_wconf 85' lang='lat' dir='ltr'><strong>the</strong></span> <span class='ocrx_word' id='word_1_369' title='bbox 2149 4178 2296 4243; x_wconf 87' lang='lat' dir='ltr'><strong>trap,</strong></span> 
     </span>
     <span class='ocr_line' id='line_1_53' title="bbox 294 4243 2301 4319; baseline -0.002 -16"><span class='ocrx_word' id='word_1_370' title='bbox 294 4249 422 4304; x_wconf 88' lang='lat' dir='ltr'><strong>into</strong></span> <span class='ocrx_word' id='word_1_371' title='bbox 447 4248 535 4303; x_wconf 87' lang='lat' dir='ltr'><strong>his</strong></span> <span class='ocrx_word' id='word_1_372' title='bbox 560 4265 765 4319; x_wconf 84' lang='lat' dir='ltr'><strong>power,</strong></span> <span class='ocrx_word' id='word_1_373' title='bbox 789 4266 851 4305; x_wconf 81' lang='lat' dir='ltr'><strong>so</strong></span> <span class='ocrx_word' id='word_1_374' title='bbox 875 4249 1009 4304; x_wconf 86' lang='lat' dir='ltr'><strong>that</strong></span> <span class='ocrx_word' id='word_1_375' title='bbox 1029 4249 1184 4305; x_wconf 88' lang='lat' dir='ltr'><strong>their</strong></span> <span class='ocrx_word' id='word_1_376' title='bbox 1208 4248 1545 4304; x_wconf 88' lang='lat' dir='ltr'><strong>formidable</strong></span> <span class='ocrx_word' id='word_1_377' title='bbox 1572 4249 1703 4303; x_wconf 87' lang='lat' dir='ltr'><strong>host</strong></span> <span class='ocrx_word' id='word_1_378' title='bbox 1729 4244 1916 4317; x_wconf 83' lang='lat' dir='ltr'><strong>might</strong></span> <span class='ocrx_word' id='word_1_379' title='bbox 1939 4246 2011 4300; x_wconf 90' lang='lat' dir='ltr'><strong>be</strong></span> <span class='ocrx_word' id='word_1_380' title='bbox 2037 4243 2301 4316; x_wconf 84' lang='lat' dir='ltr'><strong>helpless.</strong></span> 
     </span>
    </p>

    <p class='ocr_par' dir='ltr' id='par_1_14' title="bbox 366 4317 1730 4392">
     <span class='ocr_line' id='line_1_54' title="bbox 366 4317 1730 4392; baseline -0.002 -17"><span class='ocrx_word' id='word_1_381' title='bbox 366 4319 396 4392; x_wconf 66' lang='grc' dir='ltr'><strong>ξ</strong></span> <span class='ocrx_word' id='word_1_382' title='bbox 422 4320 473 4375; x_wconf 85' lang='grc'><strong>6.</strong></span> <span class='ocrx_word' id='word_1_383' title='bbox 511 4324 849 4376; x_wconf 76' lang='lat' dir='ltr'><strong>nuntiarent.</strong></span> <span class='ocrx_word' id='word_1_384' title='bbox 922 4321 1027 4377; x_wconf 89' lang='lat' dir='ltr'><strong>See</strong></span> <span class='ocrx_word' id='word_1_385' title='bbox 1052 4320 1150 4376; x_wconf 88' lang='lat' dir='ltr'><strong>the</strong></span> <span class='ocrx_word' id='word_1_386' title='bbox 1176 4324 1311 4376; x_wconf 89' lang='lat' dir='ltr'><strong>note</strong></span> <span class='ocrx_word' id='word_1_387' title='bbox 1337 4339 1411 4376; x_wconf 88' lang='lat' dir='ltr'><strong>on</strong></span> <span class='ocrx_word' id='word_1_388' title='bbox 1437 4319 1518 4386; x_wconf 82' lang='lat' dir='ltr'><strong>iii,</strong></span> <span class='ocrx_word' id='word_1_389' title='bbox 1546 4322 1596 4384; x_wconf 88' lang='lat'><strong>5,</strong></span> <span class='ocrx_word' id='word_1_390' title='bbox 1624 4317 1654 4391; x_wconf 65' lang='grc' dir='ltr'><strong>ξ</strong></span> <span class='ocrx_word' id='word_1_391' title='bbox 1680 4319 1730 4373; x_wconf 88' lang='grc'><strong>3.</strong></span> 
     </span>
    </p>

    <p class='ocr_par' dir='ltr' id='par_1_15' title="bbox 365 4388 1769 4463">
     <span class='ocr_line' id='line_1_55' title="bbox 365 4388 1769 4463; baseline -0.001 -16"><span class='ocrx_word' id='word_1_392' title='bbox 365 4394 463 4457; x_wconf 84' lang='lat'><strong>12,</strong></span> <span class='ocrx_word' id='word_1_393' title='bbox 489 4390 519 4463; x_wconf 57' lang='grc' dir='ltr'><strong>ᾗ</strong></span> <span class='ocrx_word' id='word_1_394' title='bbox 547 4392 594 4446; x_wconf 91' lang='lat'><strong>1.</strong></span> <span class='ocrx_word' id='word_1_395' title='bbox 631 4395 887 4463; x_wconf 72' lang='lat' dir='ltr'><strong>aaenplius.</strong></span> <span class='ocrx_word' id='word_1_396' title='bbox 961 4392 1066 4449; x_wconf 88' lang='lat' dir='ltr'><strong>See</strong></span> <span class='ocrx_word' id='word_1_397' title='bbox 1090 4393 1192 4449; x_wconf 87' lang='lat' dir='ltr'><strong>the</strong></span> <span class='ocrx_word' id='word_1_398' title='bbox 1221 4397 1357 4448; x_wconf 84' lang='lat' dir='ltr'><strong>note</strong></span> <span class='ocrx_word' id='word_1_399' title='bbox 1384 4410 1458 4447; x_wconf 93' lang='lat' dir='ltr'><strong>on</strong></span> <span class='ocrx_word' id='word_1_400' title='bbox 1485 4393 1520 4458; x_wconf 89' lang='lat' dir='ltr'><strong>i,</strong></span> <span class='ocrx_word' id='word_1_401' title='bbox 1550 4391 1636 4457; x_wconf 86' lang='lat'><strong>38,</strong></span> <span class='ocrx_word' id='word_1_402' title='bbox 1664 4388 1693 4462; x_wconf 67' lang='grc' dir='ltr'><strong>ξ</strong></span> <span class='ocrx_word' id='word_1_403' title='bbox 1719 4390 1769 4445; x_wconf 91' lang='grc'><strong>5.</strong></span> 
     </span>
    </p>
   </div>
   <div class='ocr_carea' id='block_1_9' title="bbox 2435 3095 2734 3210">
    <p class='ocr_par' dir='ltr' id='par_1_16' title="bbox 2435 3095 2734 3210">
     <span class='ocr_line' id='line_1_56' title="bbox 2435 3095 2734 3144; baseline -0.01 0"><span class='ocrx_word' id='word_1_404' title='bbox 2435 3110 2592 3144; x_wconf 78' lang='lat' dir='ltr'><strong>mans</strong></span> <span class='ocrx_word' id='word_1_405' title='bbox 2611 3095 2734 3142; x_wconf 84' lang='lat' dir='ltr'><strong>rout</strong></span> 
     </span>
     <span class='ocr_line' id='line_1_57' title="bbox 2435 3160 2678 3210; baseline -0.008 -1"><span class='ocrx_word' id='word_1_406' title='bbox 2435 3160 2678 3210; x_wconf 83' lang='lat' dir='ltr'><strong>Caesar&#39;s</strong></span> 
     </span>
    </p>
   </div>
  </div>
 </body>
</html>
