3177 5166
772 345 1509 413 COMMENTARIUS
1554 347 1728 412 VIII
2131 352 2259 416 375

254 508 453 596 fugae
507 531 706 575 causa
756 509 1000 574 initum
1052 511 1516 598 suspicaretur,
1560 510 1850 598 legiones
1897 516 2260 596 promovet,

252 617 508 679 turmas
548 614 762 679 mittit
800 615 885 680 ad
925 615 1442 701 insequendum3
1493 615 1634 701 ipse
1671 615 1927 682 veritus
1966 616 2257 695 insidiae,

251 742 334 783 ne
367 720 541 785 forte
571 720 642 783 in
684 719 912 784 eodem
949 719 1093 785 loco
1131 720 1490 786 subsistere
1531 721 1743 786 hostis
1787 725 1988 807 atque
2028 721 2259 787 elicere

248 829 512 889 nostros
550 824 621 888 in
652 823 867 890 locum
909 829 1263 890 conaretur
1292 824 1614 911 iniquum,
1643 824 1904 892 tardius
1943 827 2258 913 procedit.

188 953 218 1000 5
249 929 526 1015 Equites
555 950 706 994 cum
742 929 996 994 intrare
1027 928 1288 994 fumum
1326 935 1395 995 et
1423 930 1759 995 flammam
1800 931 2257 997 densissimam
2284 949 2314 996 2

247 1034 562 1098 timerent
606 1055 699 1110 ac,
741 1034 796 1098 si
843 1034 957 1120 qui
1002 1034 1306 1119 cupidius
1349 1034 1792 1115 intraverant,
1826 1036 1944 1101 vix
1987 1058 2257 1102 suorum

245 1137 374 1223 ipsi
404 1138 655 1224 priores
685 1143 909 1223 partes
939 1139 1550 1205 animadverterent
1578 1161 1915 1226 equorum,
1953 1139 2259 1231 [insidias

248 1242 475 1329 veriti]
526 1241 805 1307 liberam
862 1242 1251 1309 facultatem
1316 1244 1421 1309 sui
1476 1244 1839 1331 recipiendi
1891 1245 2257 1311 Bellovacis

244 1346 589 1411 dederunt.
668 1346 776 1412 Ita
808 1346 972 1433 fuga
1000 1347 1260 1414 timoris
1287 1348 1483 1413 simul
1515 1349 2033 1435 calliditatisque
2062 1349 2258 1436 plena
2285 1369 2315 1416 3

142 1469 215 1514 10
244 1450 386 1515 sine
432 1450 571 1515 ullo
622 1450 1023 1517 detrimento
1073 1451 1260 1517 milia
1302 1474 1435 1516 non
1486 1452 1775 1539 amplius
1819 1453 1881 1516 X
1926 1454 2257 1540 progressi

244 1556 469 1620 hostes
508 1556 649 1620 loco
678 1556 1126 1621 munitissimo
1167 1560 1385 1622 castra
1423 1562 1810 1643 posuerunt.
1900 1557 2066 1622 Inde
2106 1579 2255 1623 cum
2284 1578 2312 1625 4

242 1682 437 1746 saepe
462 1660 531 1725 in
555 1660 817 1726 insidiis
847 1662 1103 1746 equites
1133 1661 1517 1747 peditesque
1548 1661 1992 1748 disponerent,
2013 1683 2260 1748 magna

242 1764 648 1830 detrimenta
678 1765 994 1830 Romanis
1024 1764 1097 1829 in
1127 1765 1671 1851 pabulationibus
1702 1764 2098 1832 inferebant.

332 1868 525 1949 Quod
577 1890 727 1934 cum
775 1868 1071 1933 crebrius
1122 1868 1466 1946 accideret,
1512 1891 1597 1934 ex
1655 1869 1921 1956 captivo
1969 1869 2254 1955 quodam
2286 1881 2380 1941 17

145 1998 214 2046 15
242 1974 565 2062 comperit
608 1972 855 2040 Caesar
900 1972 1242 2053 Correum,
1282 1973 1782 2039 Bellovacorum
1829 1974 2082 2053 ducem,
2121 1973 2256 2039 for-

242 2077 650 2143 tissimorum
712 2078 897 2144 milia
956 2101 1076 2144 sex
1133 2077 1432 2165 peditum
1493 2078 1814 2165 delegisse
1870 2079 2257 2165 equitesque

243 2205 326 2246 ex
358 2181 538 2247 omni
580 2205 855 2248 numero
895 2182 1093 2262 mille,
1127 2203 1291 2268 quos
1334 2182 1407 2246 in
1448 2182 1710 2247 insidiis
1751 2205 1827 2248 eo
1865 2183 2008 2248 loco
2037 2183 2257 2249 conlo-

242 2292 441 2365 caret,
488 2308 683 2373 quem
746 2287 815 2352 in
875 2287 1090 2352 locum
1151 2290 1424 2374 propter
1478 2287 1738 2373 copiam
1798 2287 2146 2353 frumenti.
2180 2309 2258 2352 ac

242 2391 472 2477 pabuli
515 2392 846 2457 Romanos
884 2392 1201 2457 missuros
1245 2391 1712 2479 suspicaretur.
1806 2392 1953 2472 Quo
1992 2394 2258 2479 cognito
2284 2409 2313 2456 2

143 2520 215 2566 20
241 2495 531 2573 consili0,
575 2495 867 2582 legiones
910 2496 1134 2583 plures
1181 2517 1380 2581 quam
1426 2495 1684 2562 solebat
1727 2496 1950 2561 educit
2001 2497 2256 2582 equita-

244 2606 536 2686 tumque,
568 2622 702 2686 qua
734 2600 1209 2667 consuetudine
1237 2601 1743 2687 pabulatoribus
1772 2600 2039 2667 mittere
2068 2624 2258 2690 prae-

242 2704 413 2770 sidio
471 2709 841 2777 consuerat,
886 2703 1299 2792 praemittit;
1373 2705 1527 2770 huic
1585 2705 1956 2792 interponit
2005 2705 2256 2770 auxilia
2284 2729 2315 2777 3

243 2808 411 2874 levis
472 2814 892 2890 armaturae;
965 2809 1107 2895 ipse
1159 2830 1308 2874 cum
1362 2808 1733 2895 legionibus
1787 2830 1985 2895 quam
2037 2814 2260 2896 potest

241 2913 531 2979 maxime
577 2913 1085 3001 adpropinquat.

144 3040 215 3090 25
331 3018 579 3084 Hostes
643 3018 715 3083 in
775 3018 1036 3083 insidiis
1088 3018 1412 3105 dispositi,
1462 3040 1612 3083 cum
1673 3018 1798 3084 sibi
1860 3018 2258 3103 delegissent
2285 3029 2382 3085 18

244 3144 552 3209 campum
594 3123 680 3187 ad
721 3145 859 3187 rem
899 3123 1258 3208 gerendam
1299 3144 1432 3187 non
1474 3122 1761 3209 amplius
1805 3125 2146 3209 patentem
2186 3120 2257 3185 in

248 3249 476 3292 omnes
525 3233 750 3315 partes
801 3227 1105 3314 passibus
1157 3227 1358 3305 mille,
1401 3227 1590 3291 silvis
1642 3226 1935 3312 undique
1982 3224 2256 3312 impedi-

242 3332 519 3398 tissimis
549 3337 669 3397 aut
692 3333 966 3398 flumine
997 3333 1323 3397 altissimo
1352 3331 1708 3408 munitum,
1728 3331 1915 3395 velut
1942 3329 2258 3416 indagine

244 3436 422 3501 hunc
495 3436 756 3502 insidiis
832 3429 1422 3502 circumdederant.
1532 3435 1900 3523 Explorato
1967 3434 2257 3499 hostium
2284 3451 2313 3498 2

148 3564 217 3611 3ο
243 3540 517 3605 consilio
577 3541 791 3606 nostri
851 3541 938 3606 ad
996 3540 1456 3628 proeliandum
1516 3540 1738 3605 animo
1797 3544 1998 3625 atque
2055 3537 2259 3603 armis

244 3645 485 3731 parati,
526 3666 676 3710 cum
722 3645 1282 3731 subsequentibus
1334 3645 1707 3733 legionibus
1758 3644 2011 3709 nullam
2064 3643 2257 3707 dimi-

244 3749 572 3815 cationem
609 3753 1006 3827 recusarent,
1039 3750 1385 3816 turmatim
1427 3749 1498 3814 in
1528 3772 1679 3814 eum
1720 3749 1935 3815 locum
1977 3748 2257 3814 devene-

318 3917 410 3979 16,
438 3913 467 3987 ξ
492 3915 543 3969 2.
581 3917 819 3970 insidias
845 3917 998 3969 veriti
1024 3913 1070 3969 is
1094 3913 1422 3979 bracketed,
1450 3912 1667 3985 rightly
1693 3912 1753 3967 in
1781 3930 1878 3983 my
1904 3911 2154 3983 opinion,
2180 3912 2256 3982 by

245 3986 434 4070 Gertz.
509 3985 594 4042 No
632 3986 810 4042 doubt
846 4003 921 4041 an
961 3985 1340 4057 interpolator
1375 3984 1489 4039 had
1527 3984 1755 4041 noticed
1795 3987 1990 4039 veritus
2025 3987 2260 4038 insidias

245 4078 307 4113 m
373 4057 440 4184 31.
461 4132 844 4185 munitissimo.
914 4127 997 4184 Cf.
1022 4127 1118 4194 vii,
1147 4128 1232 4197 36,
1260 4125 1289 4200 ᾗ
1316 4129 1366 4182 5.

318 4204 409 4266 17.
434 4199 464 4274 ξ
492 4202 545 4269 2,
560 4220 683 4271 qua.
756 4200 991 4257 Nitsche
1018 4202 1104 4269 (Z.
1125 4202 1212 4267 G„
1240 4199 1396 4265 1894,
1422 4217 1478 4324 g.
1506 4199 1631 4267 778)
1661 4215 1928 4271 proposes
1952 4205 2217 4269 quantum
2240 4217 2253 4262 ;

243 4271 350 4328 but
372 4272 561 4342 surely
587 4271 668 4327 all
691 4272 790 4328 the
816 4273 1041 4342 cavalry
1063 4289 1206 4327 were
1231 4273 1418 4326 wante
1464 4313 1477 4326 .

315 4347 698 4399 consuetudine
716 4385 730 4399 .
749 4383 763 4400 .
788 4385 801 4399 .
822 4351 1117 4399 consuerat.
1164 4342 1283 4397 The
1301 4342 1537 4397 hideous
1554 4342 1853 4413 tautology
1874 4341 1923 4396 is
1943 4341 2255 4396 character·

245 4414 377 4471 istic
405 4416 470 4470 of
488 4414 727 4471 Hirtius.
798 4414 879 4469 cf.
909 4416 958 4481 5,
987 4413 1017 4488 ξ
1041 4413 1077 4468 4
1100 4414 1214 4470 and
1243 4415 1298 4468 C.
1319 4415 1392 4481 S„
1419 4431 1475 4484 p.
1502 4412 1623 4468 174.
