3177 5166
892 300 1025 363 380
1459 298 1581 363 DE
1628 297 1911 364 BELLO
1955 295 2347 363 GALLICO

893 463 1100 530 mium
1159 464 1518 530 credebant
1579 463 1936 541 adfectum,
1987 463 2350 540 Gallorum,
2407 462 2586 549 quod
2644 462 2908 528 insidiis

891 569 1177 656 cognitis
1233 568 1430 657 plura
1491 591 1693 655 quam
1752 568 2070 634 videbant
2124 568 2669 635 extimescebant.
2759 567 2909 648 Quo

894 673 1076 740 facto
1152 673 1467 741 statuisse
1541 673 1881 742 Commius
1957 673 2307 741 dicebatur
2385 693 2755 759 numquam
2835 671 2909 736 in

892 784 1316 866 conspectum
1359 779 1751 865 cuiusquam
1797 779 2079 845 Romani
2126 780 2372 846 venire.

457 887 651 938 Caesar
767 890 870 949 24
979 883 1501 952 Bellicosissimis
1527 884 1844 973 gentibus
1872 884 2155 950 devictis
2178 882 2442 961 Caesar,
2470 904 2624 948 cum
2650 881 2910 947 videret
2932 899 2961 949 5

457 954 657 1070 ἒῗῖἓζ,
890 988 1144 1054 nullam
1187 990 1322 1055 iam
1369 1011 1510 1056 esse
1555 989 1901 1056 civitatem
1949 1011 2120 1076 quae
2166 988 2414 1055 bellum
2461 992 2735 1075 pararet
2777 1009 2912 1074 quo

459 1087 765 1136 intow0st·
890 1094 1019 1160 sibi
1065 1093 1422 1176 resisteret,
1464 1094 1579 1161 sed
1628 1116 1763 1162 non
1810 1093 2027 1161 nullos
2073 1116 2159 1160 ex
2204 1093 2467 1181 oppidis
2514 1093 2910 1181 demigrare,

455 1168 553 1202 ern
580 1154 720 1203 Gaul

455 1219 561 1269 aad
890 1220 975 1265 ex
1017 1199 1200 1288 agris
1242 1199 1564 1288 diffugere
1608 1200 1698 1266 ad
1740 1221 2052 1287 praesens
2097 1198 2451 1287 imperium
2496 1197 2911 1276 evitandum,

456 1300 731 1402 ssgffi
888 1303 1112 1392 plures
1200 1305 1273 1371 in
1354 1310 1581 1392 partes
1670 1305 2036 1372 exercitum
2121 1303 2461 1370 dimittere
2539 1303 2912 1370 constituit.

454 1421 576 1481 tory
599 1420 660 1499 qr
693 1484 705 1497 ·
833 1420 863 1467 2
889 1409 980 1473 Μ.
1051 1409 1422 1476 Antonium
1493 1414 1911 1497 quaestorem
1975 1431 2123 1476 cum
2202 1407 2462 1496 legione
2540 1407 2703 1473 XII.
2780 1408 2911 1474 sibi
2938 1427 2993 1473 ιο

461 1486 762 1535 Ambnornx.
888 1513 1251 1601 coniungit.
1343 1512 1417 1582 C.
1450 1513 1732 1579 Fabium
1762 1514 2058 1603 legatum
2096 1535 2244 1581 cum
2286 1512 2673 1579 cohortibus
2716 1511 2910 1576 XXV

890 1618 1104 1684 mittit
1167 1619 1240 1683 in
1312 1618 1832 1685 diversissimam
1904 1626 2164 1706 partem
2230 1617 2504 1698 Galliae,
2562 1618 2744 1706 quod
2815 1617 2911 1681 ibi

889 1722 1208 1808 quasdam
1281 1723 1592 1790 civitates
1662 1723 1736 1787 in
1807 1723 2010 1789 armis
2089 1745 2231 1790 esse
2303 1722 2621 1789 audiebat
2692 1743 2915 1808 neque

889 1828 964 1897 C.
998 1827 1357 1895 Caninium
1395 1828 1705 1894 Rebilum
1750 1828 2061 1916 legatum,
2093 1828 2209 1914 qui
2243 1828 2315 1893 in
2354 1827 2489 1894 illis
2523 1827 2914 1914 regionibus

890 1935 1050 2009 erat,
1096 1932 1261 1998 satis
1313 1933 1541 1998 firmas
1593 1933 1760 1998 duas
1819 1932 2111 2020 legiones
2161 1933 2405 1999 habere
2456 1931 2912 1998 existimabat.
2936 1952 2993 1999 15

837 2055 867 2102 3
891 2037 964 2102 Τ.
997 2036 1364 2102 Labienum
1393 2037 1480 2102 ad
1510 2060 1580 2103 se
1612 2042 1879 2117 evocat;
1924 2036 2248 2125 legionem
2286 2042 2511 2103 autem
2543 2036 2709 2116 XV„
2739 2059 2914 2123 quae

891 2164 1040 2208 cum
1082 2164 1159 2209 eo
1201 2142 1427 2207 fuerat
1464 2141 1537 2207 in
1579 2141 1893 2221 hibernis,
1922 2141 1995 2207 in
2036 2147 2336 2229 togatam
2368 2141 2655 2207 Galliam
2692 2142 2913 2208 mittit

890 2246 977 2311 ad
1042 2246 1333 2313 colonias
1399 2246 1649 2313 civium
1710 2246 2159 2312 Romanorum
2227 2247 2527 2324 tuendaS,
2577 2268 2664 2312 ne
2731 2246 2911 2332 quod

891 2351 1106 2418 simile
1145 2351 1635 2418 incommodum
1679 2350 2006 2418 accideret
2048 2351 2432 2417 decursione
2472 2350 2909 2417 barbarorum

893 2477 970 2521 ac
1039 2455 1375 2543 superiore
1445 2459 1700 2522 aestate
1767 2456 2174 2543 Tergestinis
2232 2455 2577 2534 acciderat,
2628 2456 2746 2542 qui
2806 2477 2907 2522 re-
2930 2475 2990 2521 20

893 2562 1169 2648 pentino
1244 2560 1591 2629 latrocinio
1654 2565 1857 2648 atque
1922 2561 2176 2650 impetu
2250 2561 2637 2649 Illyriorum
2714 2566 2910 2627 erant

836 2687 862 2734 4
891 2667 1200 2753 oppressi.
1308 2667 1461 2754 Ipse
1519 2667 1607 2733 ad
1656 2667 2017 2734 vastandos
2064 2667 2690 2755 depopulandosque
2741 2667 2910 2732 fines

892 2771 1298 2858 Ambiorigis
1327 2772 1803 2859 proficiscitur;
1847 2793 2043 2859 quem
2074 2772 2501 2859 perterritum
2532 2792 2611 2837 ac
2644 2770 2909 2859 fugien-

891 2881 1024 2941 tem
1055 2898 1207 2942 cum
1239 2877 1446 2963 redigi
1479 2899 1668 2964 posse
1712 2878 1783 2942 in
1822 2899 2011 2942 suam
2041 2882 2437 2964 potestatem
2467 2876 2905 2963 desperasset,

889 2982 1269 3069 proximum
1299 3004 1457 3049 suae
1489 2983 1841 3070 dignitatis
1882 3005 2023 3049 esse
2052 2983 2339 3050 ducebat
2371 2982 2537 3048 adeo
2565 2983 2735 3048 fines
2764 2981 2909 3048 eius
2931 2997 2992 3047 25

964 3156 1069 3218 24,
1152 3153 1200 3208 2.
1241 3156 1661 3210 diversissimam
1679 3162 1900 3226 partem
1935 3156 2149 3211 Galliae
2174 3154 2225 3211 is
2249 3172 2316 3211 ex
2363 3152 2551 3211 lained
2578 3154 2655 3225 by
2680 3154 2905 3229 26,§1.

1103 3229 1400 3281 aninium.
1467 3235 1640 3284 ..emt
1712 3226 1984 3283 Caninius
2008 3227 2124 3283 had
2151 3226 2298 3285 been
2320 3174 2579 3284 gin-ected
2612 3231 2676 3283 to
2700 3154 2908 3283 winter

895 3297 954 3352 in
990 3297 1090 3353 the
1127 3301 1372 3370 country
1408 3297 1473 3355 of
1502 3299 1605 3355 the
1643 3297 1858 3356 Ruteni
1899 3298 2014 3369 (vii,
2053 3300 2139 3366 90,
2175 3296 2208 3372 §
2245 3299 2341 3369 6);
2376 3299 2498 3366 but,
2536 3298 2799 3357 whether
2831 3299 2908 3356 he

892 3368 1006 3423 had
1043 3369 1191 3425 done
1233 3387 1295 3425 so
1332 3388 1397 3426 or
1433 3372 1549 3436 not,
1588 3369 1662 3426 he
1700 3387 1813 3427 was
1852 3388 1992 3438 now,
2032 3388 2096 3426 as
2129 3388 2212 3428 we
2250 3387 2381 3441 may
2416 3368 2568 3427 infer
2605 3370 2755 3426 from
2792 3370 2914 3426 this

894 3441 1130 3511 chapter
1154 3442 1267 3496 and
1294 3442 1438 3497 from
1465 3442 1554 3513 26,
1580 3441 1611 3515 §
1640 3441 1686 3511 1,
1713 3441 1773 3497 in
1798 3442 1899 3499 the
1926 3414 2169 3514 country
2195 3440 2261 3497 of
2278 3442 2378 3498 the
2406 3441 2690 3499 Pictones.

957 3510 995 3595 ᾗ
1020 3511 1070 3566 3.
1116 3514 1176 3566 Τ.
1201 3514 1541 3572 Labienum.
1605 3522 1833 3580 ‚evocem
1834 3513 2055 3571 ——from
2073 3462 2174 3571 the
2194 3519 2435 3584 country
2453 3513 2520 3568 of
2536 3515 2639 3569 the
2659 3513 2908 3585 Sequani

895 3583 1012 3652 (viu,
1039 3584 1125 3652 90,
1156 3582 1185 3656 §
1211 3585 1284 3654 4).
1361 3585 1465 3641 See
1491 3586 1590 3642 the
1617 3590 1754 3642 note
1780 3603 1855 3642 on
1881 3586 1936 3654 6,
1967 3584 1997 3659 ξ
2024 3586 2058 3641 3
2085 3532 2435 3658 (L‹1ln'en‹›)1:y

964 3662 1204 3723 coyatam
1234 3657 1702 3714 Galliam—Gaul
1726 3658 1908 3714 where
1933 3657 2030 3714 the
2056 3658 2273 3714 Roman
2297 3659 2455 3713 dress
2480 3675 2595 3713 was
2620 3675 2906 3719 common,

892 3745 971 3792 or,
999 3743 1062 3781 as
1098 3743 1180 3782 we
1216 3728 1419 3785 should
1455 3747 1572 3800 say,
1608 3729 1951 3786 Romanized
1989 3729 2197 3786 Gaul—
2209 3746 2322 3785 was
2356 3729 2605 3786 another
2640 3747 2811 3786 name
2846 3730 2917 3786 of

892 3797 1176 3870 Cisalpine
1201 3797 1368 3856 Gaul.

961 3875 1201 3926 colonias
1217 3875 1412 3928 civitem
1435 3875 1824 3929 Romanorum.
1874 3873 1976 3929 See
1997 3873 2098 3928 the
2119 3877 2254 3929 note
2275 3891 2347 3928 on
2369 3873 2458 3943 50,
2478 3871 2509 3946 ξ
2538 3873 2565 3927 1
2599 3872 2910 3944 (colonias).

961 3945 1298 4014 Illyriorum.
1371 3945 1489 4000 The
1526 3944 1767 4016 reading
1786 3945 1851 4002 of
1872 3969 1904 4000 a
1938 3944 1985 3999 is
2008 3947 2216 4002 incolae
2240 3948 2476 4012 illm-um,
2501 3945 2569 3999 of
2593 3947 2674 4010 SB
2701 3964 2907 4001 eornm.

891 4013 1124 4096 Frigell’
1117 4033 1157 4140 ῗ
1192 4015 1578 4087 emendation,
1610 4017 1793 4073 which
1835 4016 1861 4071 I
1900 4017 2092 4088 adopt,
2126 4032 2308 4073 seems
2345 4017 2535 4073 better
2566 4016 2715 4072 than
2756 4017 2910 4072 Had-

889 4086 1044 4157 vigs,
1051 4118 1109 4127 —
1149 4095 1401 4145 strumam.

963 4156 992 4230 ξ
1018 4158 1068 4214 4.
1099 4163 1462 4246 proximum.
1531 4178 1691 4216 ..esse
1764 4159 1842 4216 of
1870 4177 2066 4217 course
2096 4159 2423 4229 diffinitatis
2407 4178 2457 4215 is
2481 4162 2586 4216 not
2616 4161 2907 4242 governed

890 4229 965 4312 by
977 4235 1312 4300 prox-imum,
1329 4232 1434 4287 but
1457 4232 1715 4303 depende
1743 4249 1893 4303 upon
1919 4250 2061 4297 essm
2097 4232 2214 4287 and
2238 4230 2495 4302 literally
2514 4232 2615 4288 the
2636 4232 2913 4326 meaning

889 4300 1463 4443 21h2¹z⁶w2232¹0¹3532¹
1473 4307 1546 4431 'aa
1569 4251 2751 4446 {¹2²‘05313013‘se‘0i‘12‘ssu2ffAhssssffixrzit
2754 4304 2912 4431 '1223ss
