3177 5166
896 322 981 382 56
1446 318 1567 383 DE
1614 320 1903 386 BELLO
1950 321 2341 388 GALLICO

841 505 871 552 2
899 484 1222 551 Ariovisti
1264 506 1463 570 quam
1507 484 1734 571 populi
1767 484 2068 551 Romani.
2158 485 2344 550 Bello
2383 490 2729 573 superatos
2768 508 2910 552 esse

900 588 1236 654 Arvernos
1303 592 1373 654 et
1438 588 1735 654 Rutenos
1802 612 1843 654 a
1903 590 1978 669 Q.
2034 590 2241 655 Fabio
2301 590 2614 668 Maximo,
2668 591 2912 678 quibus

900 694 1183 781 populus
1243 693 1583 759 Romanus
1651 694 2017 780 ignovisset
2086 717 2301 782 neque
2368 696 2439 760 in
2498 696 2912 784 provinciam

846 826 876 872 3
902 797 1261 885 redegisset
1323 819 1536 883 neque
1598 798 2002 884 stipendium
2062 800 2501 887 imposuisset.
2591 801 2787 882 Quod
2855 800 2914 866 si

904 902 1442 989 antiquissimum
1508 903 1816 989 quodque
1881 909 2143 991 tempus
2211 906 2496 993 spectari
2562 910 2916 993 oporteret,
2941 921 2972 968 5

902 1008 1129 1094 populi
1171 1007 1452 1073 Romani
1494 1008 1933 1074 iustissimum
1974 1031 2112 1075 esse
2157 1010 2228 1075 in
2270 1010 2489 1076 Gallia
2530 1011 2917 1098 imperium3

905 1112 962 1175 si
986 1111 1305 1177 iudicium
1338 1117 1610 1179 senatus
1639 1112 1979 1179 observari
2001 1121 2355 1201 oporteret,
2380 1117 2655 1182 liberam
2679 1116 2918 1181 debere

907 1238 1046 1281 esse
1106 1216 1409 1294 Galliam,
1462 1239 1662 1303 quam
1728 1218 1902 1284 bello
1962 1219 2209 1286 victam
2280 1221 2420 1286 suis
2488 1221 2747 1308 legibus
2817 1220 2918 1285 uti

908 1320 1244 1388 voluisset.
3157 1297 3161 1348 ⁴

472 1444 629 1493 Ario-
783 1433 882 1492 46
997 1425 1178 1491 Dum
1207 1426 1370 1492 haec
1401 1427 1470 1491 in
1493 1428 1841 1514 conloquio
1870 1433 2216 1515 geruntur,
2239 1428 2508 1496 Caesari
2533 1429 2921 1495 nuntiatum
2950 1443 3016 1490 10
3151 1366 3161 1438 i

471 1510 763 1625 ζῗξζξιξθη
913 1534 1016 1596 est
1051 1530 1309 1616 equites
1337 1532 1663 1598 Ariovisti
1703 1534 1976 1619 propius
2012 1534 2347 1599 tumulum
2388 1535 2693 1601 accedere
2728 1538 2798 1600 et
2836 1532 2921 1598 ad

473 1640 709 1757 &2581th
726 1721 739 1735 .
915 1639 1174 1701 nostros
1210 1635 1616 1722 adequitare,
1648 1637 1902 1724 lapides
1943 1638 2207 1724 telaque
2247 1639 2319 1703 in
2358 1644 2621 1706 nostros
2659 1639 2921 1706 coicere.

476 1773 573 1822 the
598 1787 722 1821 eon·
857 1754 887 1802 2
915 1739 1161 1807 Caesar
1208 1740 1523 1827 loquendi
1581 1743 1782 1808 finem
1844 1741 2005 1808 fecit
2062 1765 2260 1829 seque
2319 1744 2405 1809 ad
2464 1766 2619 1810 suos
2677 1743 2924 1829 recepit

476 1841 777 1954 ffifssffoff
915 1844 1184 1931 suisque
1235 1846 1595 1933 imperavit
1640 1869 1725 1912 ne
1777 1848 1952 1933 quod
2000 1850 2271 1915 omnino
2317 1850 2522 1915 telum
2577 1849 2647 1914 in
2701 1849 2924 1913 hostes

775 1940 786 1953 “
861 1962 890 2010 3
918 1950 1255 2016 reicerent.
1346 1950 1523 2015 Nam
1571 1952 1695 2017 etsi
1748 1952 1890 2017 sine
1950 1952 2088 2019 ullo
2139 1955 2430 2042 periculo
2480 1954 2761 2041 legionis
2811 1952 2924 2017 de·
2953 1965 3016 2013 15
3151 1958 3161 2005 1

918 2054 1127 2121 lectae
1184 2076 1335 2121 cum
1396 2056 1703 2142 equitatu
1774 2058 2097 2145 proelium
2158 2058 2302 2125 fore
2361 2058 2649 2138 videbat,
2701 2062 2924 2123 tamen

919 2160 1469 2226 committendum
1514 2183 1649 2227 non
1701 2162 1986 2248 putabat
2033 2168 2125 2244 ut,
2171 2163 2380 2250 pulsis
2430 2162 2752 2238 hostibus,
2796 2160 2925 2225 dici

921 2272 1143 2351 posset
1173 2286 1282 2331 eos
1321 2266 1408 2331 ab
1447 2288 1515 2332 se
1556 2288 1676 2353 per
1705 2267 1904 2332 fidem
1948 2268 2019 2331 in
2048 2268 2397 2355 conloquio
2425 2267 2924 2333 circumventos.

868 2388 896 2435 4
923 2368 1159 2435 Postea
1203 2392 1405 2455 quam
1456 2371 1528 2434 in
1574 2370 1817 2458 vulgus
1863 2371 2152 2436 militum
2197 2372 2446 2437 elatum
2494 2374 2594 2436 est
2640 2392 2775 2455 qua
2820 2390 2929 2433 ar-

924 2475 1232 2561 rogantia
1291 2475 1361 2538 in
1420 2474 1769 2560 conloquio
1821 2473 2203 2541 Ariovistus
2262 2497 2420 2541 usus
2479 2475 2659 2540 omni
2713 2473 2932 2539 Gallia
2959 2488 3025 2535 20

926 2577 1244 2646 Romanis
1302 2580 1777 2660 interdixisset,
1828 2580 2283 2669 impetumque
2342 2581 2413 2646 in
2472 2586 2732 2646 nostros
2791 2579 2934 2645 eius

926 2684 1183 2769 equites
1222 2685 1554 2765 fecissent,
1590 2708 1796 2773 eaque
1832 2708 1937 2752 res
1971 2686 2393 2772 conloquium
2430 2693 2511 2750 ut
2544 2682 2934 2762 diremisset,

929 2788 1140 2855 multo
1199 2790 1410 2855 maior
1468 2790 1778 2856 alacritas
1836 2791 2266 2878 studiumque
2324 2789 2668 2878 pugnandi
2721 2787 2936 2853 maius

929 2893 1251 2959 exercitui
1298 2893 1614 2960 iniectum
1662 2899 1782 2961 est.

493 3006 651 3055 Ario·
804 2999 901 3057 4⁷
1018 2997 1234 3063 Biduo
1276 3003 1430 3084 post
1465 2998 1845 3065 Ariovistus
1890 2999 1973 3065 ad
2021 3000 2370 3068 Caesarem
2414 2999 2668 3087 legatos
2712 2996 2937 3063 misit:
2964 3016 3032 3065 25

492 3073 665 3122 vistus
688 3084 804 3133 pro-

937 3171 1110 3295 Ῑῖῗδ,
1154 3168 1183 3241 ξ
1224 3171 1300 3296 2.S
1314 3172 1463 3228 Bello
1502 3212 1574 3296 .l·.
1616 3211 1630 3226 .
1672 3175 1843 3227 Fabio
1886 3174 2149 3228 Maoee‘mo.
2222 3171 2360 3226 This
2400 3188 2518 3226 war
2565 3169 2835 3226 occurred
2876 3167 2938 3222 in

1068 3255 1188 3297 Β.ο.
1303 3259 1367 3298 ee
1434 3285 1446 3297 .
1475 3260 1509 3296 x
1536 3260 1571 3296 1.

1005 3315 1111 3378 46,
1136 3311 1166 3384 ξ
1196 3313 1240 3369 1.
1324 3262 1481 3371 H.pJ.
1514 3313 1725 3371 Muller
1758 3317 1866 3383 (W.
1886 3317 2099 3381 kam„
2128 3313 2285 3381 1894,
2314 3312 2418 3370 col.
2449 3313 2579 3383 566)
2615 3312 2664 3367 is
2698 3312 2942 3382 perhaps
3042 3349 3047 3353 -
3146 3314 3163 3334 '

938 3384 1093 3456 right
1118 3383 1178 3439 in
1198 3385 1483 3456 inserting
1505 3395 1552 3441 et
1576 3386 1730 3442 after
1746 3391 2074 3458 adequitare.

1011 3455 1040 3528 §
1076 3456 1123 3511 3.
1162 3476 1262 3526 per
1277 3458 1787 3528 fidem‚-namely,
1816 3478 1850 3514 a
1887 3461 2116 3514 Caesare
2151 3462 2355 3513 datam.
2430 3455 2548 3512 The
2586 3454 2861 3525 meaning
2896 3453 2942 3507 is

937 3527 1069 3582 that
1111 3527 1249 3598 they
1294 3529 1406 3583 had
1450 3528 1596 3584 been
1641 3529 1988 3586 surrounded
2031 3529 2318 3600 ‘through
2335 3528 2553 3584 '—that
2588 3527 2655 3594 is,
2692 3526 2941 3597 through

937 3598 1094 3654 their
1118 3602 1267 3654 trust
1294 3599 1443 3654 in-‘
1462 3598 1715 3656 Caesar’s
1748 3601 1995 3673 pledged
2027 3601 2177 3657 word
2197 3601 2227 3655 ⁹.
2301 3599 2408 3656 We
2446 3598 2636 3671 might
2668 3597 2944 3655 translate

938 3671 1354 3797 tgna—‘that
1389 3671 1460 3727 he
1497 3671 1614 3728 had
1655 3672 1904 3745 pledged
1940 3673 2030 3728 his
2065 3672 2218 3729 word
2255 3671 2370 3727 and
2416 3671 2554 3727 then
2598 3668 2944 3726 surrounded

940 3746 966 3796 t
1009 3742 1135 3797 em.’

1015 3813 1042 3885 ξ
1069 3814 1121 3871 4.
1147 3816 1418 3882 fecissent.
1494 3815 1712 3872 Meusel
1738 3815 1943 3886 adopts
1976 3816 2046 3871 Η.
2075 3814 2304 3872 Kleist's
2336 3812 2721 3882 emendation,
2735 3815 2946 3883 secisse.

1011 3894 1089 3940 ut.
1165 3884 1271 3942 See
1298 3886 1399 3942 the
1421 3887 1540 3941 first
1565 3890 1706 3942 note
1731 3904 1805 3943 on
1831 3886 1970 3960 43‚§
1998 3888 2049 3944 7.
3153 3888 3163 3947 4

1013 3955 1162 4029 47,§
1185 3957 1233 4012 1.
1273 3957 1559 4014 Professor
1574 3959 1628 4012 J.
1647 3958 1705 4015 C.
1728 3958 1896 4015 Rolfe
1915 3960 1982 4014 of
1994 3959 2095 4015 the
2117 3956 2439 4028 University
2458 3956 2525 4012 of
2537 3953 2952 4027 Pennsylvania

944 4028 1047 4083 has
1070 4046 1177 4100 sug
1218 4030 1377 4087 ested
1402 4034 1464 4087 to
1490 4048 1581 4087 me
1606 4029 1735 4087 that
1758 4033 1942 4087 Biduo
1958 4039 2082 4102 post
2108 4047 2304 4086 means
2328 4032 2343 4058 ⁶
2365 4029 2455 4085 On
2483 4029 2582 4085 the
2618 4031 2757 4084 next
2787 4026 2895 4095 day
2914 4027 2950 4089 ⁹,

945 4100 1057 4156 and
1074 4100 1101 4154 1
1118 4100 1188 4157 be
1213 4100 1335 4158 ievc
1351 4102 1481 4158 that
1495 4101 1570 4158 he
1588 4101 1638 4156 is
1655 4101 1831 4173 right.
1870 4101 1976 4157 For
1989 4105 2174 4157 tm'cluo
2181 4110 2304 4171 post
2320 4100 2558 4157 certain]
2618 4116 2816 4155 means
2827 4104 2953 4178 post

943 4174 1162 4227 tertium
1186 4176 1327 4228 diem
1355 4195 1369 4241 ς
1407 4173 1456 4230 it
1479 4173 1530 4228 is
1552 4171 1835 4230 admitted
1861 4175 1988 4230 that
2004 4182 2128 4243 post
2152 4177 2372 4228 tertium
2394 4175 2536 4228 diem
2583 4170 2655 4236 iv,
2683 4171 2734 4236 9,
2760 4168 2790 4241 ξ
2819 4170 2844 4223 1
2905 4184 2954 4221 is

946 4243 1274 4312 equivalent
1308 4250 1368 4302 to
1406 4249 1562 4302 tertio
1600 4248 1704 4311 die,
1743 4245 2059 4316 reckoning
2094 4244 2468 4315 inclusively3
2515 4242 2629 4298 and
2667 4241 2830 4297 there
2858 4256 2953 4295 ore

946 4314 1110 4371 biduo
1139 4324 1263 4385 post
1298 4318 1347 4372 is
1382 4316 1570 4386 surely
1603 4317 1929 4386 equivalent
1964 4322 2022 4373 to
2055 4318 2224 4375 altero
2257 4319 2361 4384 die,
2395 4314 2583 4371 which
2618 4313 2667 4370 is
2698 4313 2955 4367 substan·

946 4383 1115 4455 tially
1141 4387 1239 4443 the
1263 4405 1416 4445 same
1440 4407 1502 4444 as
1519 4397 1732 4459 postem
1755 4393 1859 4445 die.
