3177 5166
442 1211 507 1259 57
530 1225 635 1261 me.

442 1287 638 1335 Caesar

441 1350 606 1400 sends

443 1417 614 1466 Galba
635 1419 691 1465 to

442 1483 650 1532 subdue
660 1484 753 1532 the

443 1550 747 1611 Nantuates,

441 1616 681 1680 Veragri,

443 1682 556 1730 and

444 1748 668 1798 Seduni.

446 1814 619 1863 Galba

446 1880 655 1928 defeats

445 1945 617 2008 them,

445 2011 677 2060 receives

445 2077 596 2125 their
616 2078 737 2126 sub-

447 2143 691 2206 mission,

446 2207 557 2257 and
580 2223 672 2258 en-

445 2288 630 2337 camps
652 2277 709 2324 at

444 2341 755 2390 Octodurus,

1475 704 1546 771 O.
1596 705 1791 771 IULI
1838 704 2283 771 CAESARIS

1302 853 1450 927 DE
1522 851 1891 927 BELLO
1962 851 2467 927 GALLIOO

1338 1013 2027 1077 COMMENTARIUS
2067 1014 2442 1076 TERTIUS

805 1206 845 1260 1
967 1185 1131 1253 CUM
1171 1185 1240 1250 in
1274 1185 1547 1251 Italiam
1588 1186 2120 1274 proficisceretur
2148 1186 2410 1264 Caesar,
2441 1188 2579 1253 Ser.
2611 1188 2890 1255 Galbam

876 1312 1025 1356 cum
1079 1290 1337 1378 legione
1386 1291 1543 1357 XII.
1590 1297 1658 1356 et
1724 1296 1916 1377 parte
1961 1291 2301 1377 equitatus
2362 1292 2435 1356 in
2497 1292 2893 1371 Nantuates,

878 1394 1209 1482 Veragros
1243 1395 1679 1482 Sedunosque
1721 1394 1921 1473 misit,
1955 1395 2070 1481 qui
2111 1418 2152 1460 a
2180 1395 2427 1461 finibus
2457 1397 2890 1485 Allobrogum

877 1504 947 1564 et
976 1499 1125 1566 lacu
1153 1499 1496 1565 Letnanno
1519 1504 1590 1564 et
1617 1498 1891 1564 flumine
1914 1499 2235 1582 Rhodano
2256 1500 2343 1564 ad
2374 1523 2667 1566 summas
2688 1501 2892 1589 Alpes

824 1630 854 1678 2
879 1603 1232 1689 pertinent.
1322 1603 1547 1671 Causa
1591 1603 1903 1669 mittendi
1951 1602 2086 1669 fuit
2130 1604 2303 1689 quod
2342 1605 2473 1671 iter
2516 1628 2634 1692 per
2671 1606 2892 1692 Alpes,
2916 1634 2945 1682 5

880 1727 1011 1793 quo
1070 1728 1314 1794 magno
1375 1729 1526 1773 cum
1586 1706 1879 1795 periculo
1937 1708 2328 1795 magnisque
2379 1730 2529 1774 cum
2580 1710 2893 1796 portoriis

824 1836 851 1884 3
880 1814 1279 1877 mercatores
1349 1811 1445 1877 ire
1512 1816 1930 1893 consuerant,
1978 1812 2277 1898 patefieri
2337 1813 2619 1878 volebat.
2714 1812 2892 1879 Huic

880 1914 1201 2000 permisit,
1245 1914 1302 1979 si
1362 1937 1529 2002 opus
1588 1938 1729 1981 esse
1787 1915 2246 2003 arbitraretur,
2291 1917 2396 1981 uti
2447 1917 2518 1981 in
2571 1917 2675 1984 his
2733 1917 2894 1983 locis

826 2036 854 2082 4
883 2017 1208 2105 legionem
1250 2018 1587 2084 hiemandi
1625 2042 1824 2086 causa
1859 2021 2247 2086 conlocaret.
2338 2020 2551 2087 Galba
2590 2022 2892 2087 secundis

881 2120 1138 2207 aliquot
1181 2122 1448 2208 proeliis
1490 2122 1688 2190 factis
1726 2124 2143 2210 castellisque
2177 2125 2626 2210 compluribus
2665 2148 2892 2193 eorum
2919 2148 2984 2195 10

882 2226 1305 2312 expugnatis,
1337 2226 1555 2291 missis
1596 2228 1682 2292 ad
1722 2249 1873 2293 eum
1914 2228 2208 2314 undique
2247 2229 2485 2316 legatis
2524 2229 2892 2296 obsidibus—

883 2350 1010 2414 que
1058 2328 1235 2395 datis
1288 2336 1357 2396 et
1404 2352 1562 2417 pace
1616 2332 1812 2409 facta,
1856 2332 2207 2398 constituit
2256 2332 2558 2398 cohortes
2607 2333 2774 2399 duas
2821 2334 2892 2397 in

882 2431 1347 2499 Nantuatibus
1378 2435 1717 2501 conlocare
1747 2439 1815 2501 et
1845 2435 1985 2522 ipse
2015 2457 2166 2501 cum
2197 2436 2470 2522 reliquis
2509 2437 2650 2503 eius
2689 2437 2892 2524 legio-

882 2535 987 2601 nis
1043 2535 1429 2603 cohortibus
1488 2538 1558 2602 in
1620 2539 1766 2605 vico
1825 2538 2290 2628 Veragrorum,
2343 2541 2459 2628 qui
2518 2541 2895 2629 appellatur

824 2664 854 2711 5
882 2640 1261 2720 Octodurus
1320 2642 1651 2722 hiemare;
1709 2644 1825 2730 qui
1879 2645 2066 2710 vicus
2117 2645 2373 2732 positus
2421 2645 2492 2710 in
2539 2646 2711 2712 valle
2758 2668 2892 2712 non
2921 2670 2986 2718 15

881 2765 1125 2832 magna
1175 2745 1433 2812 adiecta
1482 2747 1762 2833 planitie
1808 2748 2150 2814 altissimis
2201 2749 2540 2815 montibus
2597 2750 2893 2836 undique

825 2876 854 2922 6
881 2848 1281 2915 continetur.
1373 2848 1545 2917 Cum
1591 2851 1702 2917 hic
1738 2851 1808 2915 in
1849 2851 2016 2918 duas
2060 2856 2284 2939 partes
2328 2852 2602 2918 flumine
2637 2853 2893 2918 divide-

881 2957 1085 3032 retur,
1107 2954 1388 3019 alteram
1419 2960 1684 3040 partem
1716 2956 1858 3020 eius
1890 2956 2018 3021 vici
2050 2956 2262 3022 Gallis
2287 2954 2400 3046 [ad
2430 2955 2889 3047 hiemandum]

879 3057 1218 3136 concessit,
1249 3058 1530 3124 alteram
1575 3081 1857 3125 vacuam
1900 3060 1984 3125 ab
2024 3060 2130 3125 his
2174 3061 2470 3125 relictam
2510 3062 2894 3129 cohortibus

882 3161 1215 3227 attribuit.
1303 3162 1473 3227 Eum
1505 3162 1721 3229 locum
1752 3163 1929 3230 vallo
1960 3162 2266 3250 fossaque
2299 3165 2609 3234 munivit.
2920 3194 2987 3242 20

956 3291 1007 3355 1,
1044 3287 1073 3360 ξ
1105 3288 1159 3344 2.
1209 3293 1318 3345 iter
1340 3310 1447 3361 per
1479 3290 2031 3362 Alpe⁸‚—evidently
2068 3293 2167 3348 the
2205 3296 2366 3347 route
2408 3309 2539 3349 over
2581 3293 2679 3351 the
2719 3293 2895 3350 Great

884 3358 966 3415 8¹⁵⁰
994 3360 1342 3502 ἳῗᾚὲὶεθ,
1373 3432 1553 3488 ‘forts
1571 3431 1606 3485 ¹.
1683 3431 1789 3489 See
1815 3434 1917 3490 the
1941 3435 2068 3490 first
2092 3437 2225 3490 note
2252 3450 2323 3488 on
2351 3433 2410 3500 ii,
2439 3435 2526 3503 29,
2554 3434 2655 3507 §a

1013 3502 1062 3558 6.
1086 3507 1344 3571 flumine.
1403 3502 1524 3560 Th0
1552 3503 1770 3559 Dranse
1797 3505 1938 3562 then
1969 3504 2168 3562 flowed
2192 3504 2254 3559 in
2279 3523 2315 3560 a
2340 3505 2601 3563 different
2624 3506 2890 3573 channel,

882 3574 1134 3655 through
1161 3575 1261 3631 the
1286 3578 1481 3631 centre
1506 3575 1572 3630 of
1591 3575 1690 3632 the
1714 3575 1937 3648 valley:
1977 3577 2027 3632 it
2052 3577 2100 3632 is
2126 3593 2253 3633 now
2278 3576 2427 3633 close
2446 3581 2508 3634 to
2525 3578 2624 3635 the
2650 3582 2892 3635 western

884 3644 1039 3771 huald·
1064 3719 1430 3772 hiemandum.
1506 3718 1760 3775 German
1803 3718 2015 3775 editors
2049 3736 2146 3775 are
2183 3736 2312 3774 now
2346 3721 2645 3792 generally
2682 3720 2891 3793 agreed

884 3785 1017 3842 that
1048 3788 1208 3844 these
1247 3788 1430 3844 words
1464 3806 1563 3846 are
1598 3789 1789 3846 either
1812 3791 2074 3862 spurious
2098 3807 2160 3846 or
2184 3790 2496 3861 originally
2526 3791 2788 3848 followed
2814 3811 2893 3848 co-

884 3860 1145 3914 hortibus.
1245 3859 1467 3917 Meusel
1514 3861 1594 3930 (J.
1612 3864 1698 3929 B.,
1752 3862 1908 3927 1910,
1956 3880 2012 3932 p.
2062 3863 2157 3933 56)
2197 3862 2417 3919 deletes
2452 3864 2631 3932 them,
2675 3883 2748 3920 on
2790 3865 2892 3922 the

883 3929 1105 3999 ground
1134 3930 1264 3986 that
1296 3931 1515 3998 Caesar,
1540 3932 1694 3989 after
1726 3933 1964 4005 writing
1986 3934 2289 3990 cohortibus
2312 3975 2325 3990 .
2355 3977 2368 3990 .
2395 3975 2410 3990 .
2435 3936 2670 3991 hiemare
2693 3935 2756 3990 in
2783 3934 2812 4007 ἕ
2836 3936 2892 4003 4,

886 4001 1073 4058 would
1099 4005 1201 4058 not
1225 4002 1367 4058 have
1393 4003 1764 4074 superfluousl
1829 4004 2086 4061 inserted
2108 4008 2181 4060 ad
2205 4007 2571 4061 hiemandum.

955 4077 1188 4129 alteram
1214 4115 1227 4128 .
1258 4115 1272 4130 .
1302 4114 1316 4129 .
1341 4077 1612 4130 attribuit.
1684 4075 1768 4130 Ga
1792 4076 1865 4132 ba
1890 4074 2171 4147 certainly
2209 4078 2524 4148 encamped
2550 4095 2625 4132 on
2650 4078 2750 4133 the
2784 4076 2893 4133 left

887 4161 952 4227 ⁰.¹'
989 4146 1421 4228 westernobank
1460 4146 1525 4201 of
1561 4145 1662 4202 the
1705 4146 1864 4214 river,
1906 4148 2077 4204 while
2117 4147 2216 4204 the
2262 4147 2435 4204 Gauls
2472 4147 2752 4219 occupied
2791 4149 2894 4204 the

883 4216 1078 4343 {lvogtlild’
1094 4216 2010 4346 ggzexgultehlixsffldofflighvgiicaltigffl
2024 4218 2695 4348 ξίἓὲὶῖἒῖἰὲθὲὴιῒῑῗξ
2700 4220 2852 4347 ’wiallg

882 4357 956 4415 he
981 4358 1095 4413 had
1118 4359 1227 4415 left
1250 4377 1463 4432 among
1487 4361 1590 4416 the
1615 4360 1932 4417 Nantuates
1959 4364 2043 4433 (C.
2077 4364 2164 4432 G„
2189 4380 2285 4432 pp.
2312 4363 2531 4433 677-8).
