3177 5166
870 278 956 340 22
1426 273 1547 339 DE
1594 273 1881 339 BELLO
1926 272 2315 341 GALLICO

817 459 846 506 5
874 439 1227 505 facultates
1245 439 1327 504 ad
1350 438 1767 526 largiendum
1790 461 2065 526 magnas
2082 460 2520 525 comparasse3
2560 459 2877 525 magnum

874 566 1223 610 numerum
1254 544 1596 630 equitatus
1624 566 1745 610 suo
1767 548 2039 631 sumptu
2064 566 2321 630 semper
2343 543 2518 609 alere
2542 547 2610 609 et
2632 544 2878 609 circum

818 670 848 716 6
874 671 944 714 se
973 648 1233 725 habere,
1255 670 1469 734 neque
1499 648 1711 714 solum
1744 648 1942 725 domi,
1963 648 2079 714 sed
2110 648 2311 713 etiam
2344 648 2522 734 apud
2558 648 2881 713 finitimas

873 752 1182 818 civitates
1225 752 1504 839 largiter
1545 774 1754 839 posse,
1797 758 1999 839 atque
2042 752 2243 818 huius
2273 753 2632 839 'potentiae
2681 774 2881 818 causa

875 862 1155 922 matrem
1214 856 1285 920 in
1347 856 1769 943 Biturigibus
1826 856 2079 921 homini
2141 856 2277 922 illic
2335 856 2746 923 nobilissimo
2805 878 2882 921 ac
2911 876 2941 922 5

821 977 850 1030 7
876 961 1336 1048 potentissimo
1379 961 1785 1042 conlocasse3
1839 962 2057 1047 ipsum
2100 984 2185 1027 ex
2230 961 2562 1027 Helvetiis
2605 983 2879 1027 uxorem

863 1066 1139 1148 habere,
1167 1087 1455 1131 sororem
1487 1088 1570 1131 ex
1602 1071 1817 1131 matre
1858 1070 1927 1132 et
1966 1066 2370 1153 propinquas
2406 1088 2560 1131 suas
2595 1071 2880 1153 nuptum

825 1189 852 1235 8
879 1170 949 1233 in
993 1169 1160 1236 alias
1202 1170 1511 1236 civitates
1553 1170 1945 1237 conlocasse.
2037 1170 2289 1235 Favere
2336 1174 2405 1236 et
2441 1192 2679 1258 cupere
2721 1170 2880 1235 Hel-

880 1274 1077 1339 vetiis
1099 1280 1370 1361 propter
1393 1297 1536 1340 eam
1556 1274 1993 1353 adfinitatem,
2012 1274 2227 1340 odisse
2249 1275 2452 1340 etiam
2475 1297 2596 1340 suo
2618 1275 2883 1340 nomine

879 1377 1228 1445 Caesarem
1271 1384 1340 1444 et
1384 1379 1732 1455 Romanoa
1764 1379 1939 1465 quod
1979 1400 2204 1444 eorum
2247 1379 2543 1445 adventu
2585 1379 2885 1466 potentia
2911 1403 2974 1449 10

879 1484 1021 1549 eius
1051 1483 1398 1550 deminuta
1425 1488 1495 1548 et
1525 1483 1906 1550 Diviciacus
1938 1483 2150 1549 frater
2186 1483 2256 1548 in
2286 1484 2638 1569 antiquum
2669 1484 2882 1549 locum

821 1618 851 1665 9
876 1588 1132 1675 gratiae
1171 1592 1374 1676 atque
1409 1588 1678 1653 honoris
1719 1588 1811 1653 sit
1850 1588 2222 1654 restitutus.
2312 1588 2386 1654 Si
2427 1589 2591 1675 quid
2630 1588 2886 1654 accidat

879 1692 1215 1771 Romanis,
1239 1714 1566 1758 summam
1609 1693 1680 1758 in
1720 1714 1904 1779 spem
1945 1714 2064 1779 per
2105 1693 2452 1759 Helvetios
2492 1693 2678 1781 regni
2719 1693 2886 1758 obti-

879 1796 1082 1862 nendi
1128 1797 1354 1863 venire
1374 1820 1389 1878 ;
1450 1797 1728 1884 imperio
1769 1797 2000 1885 populi
2047 1797 2327 1862 Romani
2376 1820 2509 1864 non
2560 1797 2754 1862 modo
2805 1797 2887 1862 de

880 1922 1106 1988 regno,
1134 1901 1249 1967 sed
1280 1901 1481 1967 etiam
1523 1902 1606 1967 de
1647 1923 1724 1966 ea
1754 1923 1954 1987 quam
1985 1902 2229 1968 habeat
2267 1902 2489 1989 gratia
2520 1901 2886 1989 desperare.
2915 1923 2977 1971 15

794 2028 856 2075 10
883 2005 1280 2092 Reperiebat
1309 2006 1512 2072 etiam
1544 2007 1615 2070 in
1647 2005 2022 2092 quaerendo
2062 2004 2325 2087 Caesar,
2356 2006 2530 2093 quod
2564 2007 2885 2092 proelium

881 2115 1185 2196 equestre
1235 2109 1590 2176 adversum
1640 2110 1868 2196 paucis
1920 2113 2078 2174 ante
2124 2109 2355 2175 diebus
2400 2115 2572 2176 esset
2616 2109 2887 2188 factum,

882 2213 1152 2278 initium
1200 2214 1342 2279 eius
1396 2213 1598 2301 fugae
1651 2213 1904 2279 factum
1956 2235 1997 2277 a
2043 2212 2454 2301 Dumnorige
2498 2219 2700 2300 atque
2749 2215 2891 2280 eius

883 2317 1218 2404 equitibus
1242 2320 1419 2400 (nam
1445 2318 1796 2404 equitatui,
1817 2339 2012 2404 quem
2043 2318 2298 2384 auxilio
2328 2317 2594 2385 Caesari
2627 2319 2892 2384 Haedui

885 2422 1221 2499 miserant,
1253 2422 1630 2490 Dumnorix
1672 2427 2037 2510 praeerat):
2090 2445 2317 2489 eorum
2360 2422 2525 2510 fuga
2563 2423 2891 2510 reliquum
2920 2442 2984 2489 20

887 2547 1026 2592 esse
1055 2526 1431 2613 equitatum
1462 2526 1913 2614 perterritum.

453 2655 650 2706 Caesar
769 2657 862 2713 19
977 2631 1236 2711 Quibus
1300 2632 1498 2698 rebus
1561 2633 1864 2719 cognitis,
1921 2653 2069 2698 cum
2138 2632 2224 2697 ad
2299 2632 2418 2698 has
2491 2632 2894 2720 suspiciones

453 2723 577 2771 aska
602 2722 750 2771 Divi·

453 2790 649 2851 cineus,
668 2788 764 2837 the

453 2854 675 2903 brother
696 2854 754 2903 of

453 2921 763 2983 Dumnorix,

452 2991 511 3037 to
531 3002 681 3038 sanc·

452 3054 572 3103 tion
598 3054 695 3103 the

453 3120 681 3183 punish-

456 3189 609 3235 ment
633 3185 693 3235 os

455 3254 549 3302 the
567 3252 749 3313 latter,

888 2735 1291 2802 certissimae
1319 2758 1424 2803 res
1454 2736 1857 2815 accederent,
1887 2736 2063 2823 quod
2094 2758 2212 2822 per
2240 2738 2406 2802 fines
2437 2736 2893 2823 Sequanorum

892 2838 1240 2905 Helvetios
1280 2839 1711 2923 traduxisset,
1750 2841 1926 2928 quod
1971 2839 2233 2905 obsides
2272 2841 2451 2905 inter
2490 2862 2600 2906 eos
2640 2840 2895 2906 dandos

889 2949 1201 3025 curasset,
1254 2944 1430 3031 quod
1489 2967 1567 3009 ea
1620 2945 1845 3010 omnia
1903 2967 2036 3010 non
2088 2944 2284 3011 modo
2341 2945 2612 3023 iniussu,
2656 2967 2777 3011 suo
2829 2949 2897 3010 et
2921 2963 2985 3010 25

889 3047 1186 3113 civitatis
1244 3048 1359 3114 sed
1418 3049 1622 3121 etiam
1680 3049 2114 3114 inscientibus
2172 3048 2334 3135 ipsis
2390 3049 2672 3131 fecisset,
2722 3049 2897 3137 quod

890 3174 931 3217 a
954 3151 1352 3239 magistratu
1377 3152 1809 3221 Haeduorum
1840 3157 2277 3233 accusaretur,
2301 3153 2465 3219 satis
2495 3175 2635 3218 esse
2663 3175 2900 3220 causae

892 3255 1347 3322 arbitrabatur
1393 3278 1599 3345 quare
1651 3256 1722 3321 in
1775 3279 1926 3322 eum
1973 3262 2093 3322 aut
2144 3259 2287 3344 ipse
2337 3257 2901 3323 animadverteret

835 3384 866 3431 2
896 3364 1016 3424 aut
1066 3360 1408 3426 civitatem
1463 3360 1994 3429 animadvertere
2053 3361 2330 3429 iuberet.
2423 3362 2550 3427 His
2594 3361 2900 3427 omnibus

968 3549 998 3623 ξ
1037 3552 1085 3605 6.
1120 3552 1350 3619 Ιαιῃίεον
1394 3550 1439 3606 is
1479 3566 1652 3605 never
1693 3551 1832 3607 used
1871 3550 1948 3621 by
1983 3549 2178 3606 Cicero
2216 3550 2328 3605 and
2373 3551 2636 3607 nowhere
2679 3548 2793 3605 else
2827 3550 2901 3621 by

897 3619 1117 3677 Caesar.
1192 3621 1341 3678 Prof.
1371 3621 1421 3678 J.
1454 3621 1512 3679 C.
1534 3621 1699 3678 Rolse
1733 3622 1909 3692 (C.J.,
1937 3621 2032 3688 vii,
2060 3622 2218 3689 1911,
2244 3640 2299 3692 p.
2331 3621 2454 3685 126)
2481 3641 2544 3677 su
2658 3626 2737 3676 ets
2771 3621 2901 3677 that

896 3692 1105 3748 Caesar
1130 3695 1362 3777 punned
1387 3710 1540 3767 upon
1561 3695 1903 3763 lamia-ndum
1924 3692 1978 3766 (ξ
1992 3694 2051 3764 4)
2072 3693 2183 3748 and
2210 3699 2403 3749 meant
2426 3695 2560 3750 that
2639 3693 2899 3749 umnorix

901 3771 915 3794 ‘
932 3765 969 3818 b
1022 3764 1231 3892 §flung
1257 3764 1471 3836 larges·
1496 3765 1772 3834 acquired
1798 3766 1893 3822 the
1919 3764 2134 3836 largent
2158 3783 2349 3835 power
2365 3765 2397 3822 '.

967 3784 1006 3910 ξ
1060 3878 1074 3892 .
1109 3855 1207 3893 suo
1224 3837 1943 3913 nomino,—‘personally'.
2115 3868 2120 3871 -

967 3911 1281 3964 Diviciacus
1304 3950 1318 3965 .
1344 3949 1358 3963 .
1389 3949 1402 3964 .
1428 3912 1722 3965 nstitutus.
1796 3907 1898 3965 See
1924 3908 2010 3975 20,
2076 3908 2106 3992 ᾗ
2129 3908 2250 3964 2-3.
2396 3942 2400 3947 ·

971 3980 999 4051 ξ
1032 3981 1113 4037 10.
1150 3984 1293 4052 quod
1320 3982 1598 4052 prndium
1629 4022 1643 4036 .
1669 4019 1683 4033 .
1711 4021 1725 4035 .
1749 3986 1939 4050 suque.
2084 3984 2239 4036 inter
2273 3978 2437 4036 takes
2476 3983 2618 4053 quod
2655 3982 2716 4035 to
2752 3978 2823 4035 be
2865 3997 2903 4035 a

897 4052 1274 4124 conjunctior:
1298 4053 1412 4124 (see
1441 4053 1525 4119 13,
1554 4051 1583 4124 ξ
1614 4053 1688 4123 5).
1780 4051 2086 4108 Schneider
2120 4051 2457 4123 apparently
2485 4050 2717 4124 regards
2753 4050 2802 4105 it
2838 4069 2901 4105 as

897 4141 934 4179 a
967 4141 1243 4194 pronoun.
1317 4124 1516 4185 Notice
1547 4124 1678 4179 that
1709 4123 1808 4180 the
1841 4127 1954 4178 two
1989 4122 2308 4194 adjectives‚
2334 4132 2567 4193 equestre
2599 4125 2898 4187 adue-sum,

897 4212 994 4251 are
1021 4194 1240 4268 rightly
1257 4196 1394 4251 used
1418 4195 1664 4252 without
1686 4204 1736 4250 et
1757 4194 1993 4251 because
2011 4197 2285 4265 proelium
2302 4204 2535 4267 equestre
2556 4194 2607 4251 is
2630 4193 2901 4263 virtually

899 4283 1004 4321 one
1031 4267 1200 4322 word.
1277 4266 1585 4337 Similarly,
1615 4283 1720 4324 one
1745 4284 1853 4322 can
1878 4284 1976 4336 say
2002 4270 2016 4295 ‘
2034 4284 2069 4322 a
2092 4271 2257 4338 great
2282 4268 2398 4322 and
2417 4267 2563 4338 good
2592 4285 2725 4322 man
2743 4268 2774 4331 '‚
2795 4266 2901 4320 but

899 4342 1001 4392 not
1028 4340 1042 4366 ‘
1062 4357 1097 4393 a
1121 4341 1287 4410 great
1310 4339 1423 4394 and
1448 4338 1615 4393 naval
1640 4338 1825 4394 battle
1843 4338 1875 4393 '.
