3177 5166
793 354 1522 422 COMMENTARIUS
1568 356 1720 421 IIII
2138 361 2264 424 133

244 519 524 584 consilia
564 520 818 597 ineunt,
850 542 1130 606 quorum
1176 542 1287 586 eos
1330 521 1402 585 in
1442 521 1728 608 vestigio
1772 522 2112 608 paenitere
2153 545 2264 589 ne-

244 644 427 688 cesse
466 628 587 701 est,
617 646 767 689 cum
798 625 1071 691 incertis
1110 625 1489 690 rumoribus
1526 626 1827 692 serviant
1861 631 1930 692 et
1969 627 2265 714 plerique

244 727 334 792 ad
367 728 783 795 voluntatem
816 752 1042 795 eorum
1074 730 1231 795 ficta
1260 730 1718 817 respondeant.

338 833 491 913 Qua
523 834 1001 900 consuetudine
1039 835 1308 922 cognita
1350 834 1611 913 Caesar,
1642 859 1726 901 ne
1759 836 2054 923 graviori
2096 835 2269 901 bello
2296 850 2341 906 6
2395 855 2590 904 Caesar

182 957 218 1007 5
247 942 644 1015 occurreret,
701 939 1033 1004 maturius
1093 961 1292 1024 quam
1352 944 1705 1006 consuerat
1757 940 1843 1005 ad
1902 941 2267 1006 exercitum

246 1041 712 1126 proficiscitur.
787 1042 884 1108 Eo
913 1064 1063 1109 cum
1090 1045 1399 1124 venisset,
1423 1066 1502 1109 ea
1524 1066 1694 1130 quae
1725 1043 1867 1111 fore
1898 1046 2270 1132 suspicatus
2295 1061 2325 1108 2

249 1151 401 1212 erat
441 1145 624 1213 facta
666 1147 1013 1233 cognovit:
1066 1148 1301 1213 missas
1344 1148 1712 1236 legationes
1756 1149 1842 1214 ab
1887 1171 2021 1214 non
2065 1148 2269 1214 nullis
2297 1166 2326 1214 3

248 1250 645 1317 civitatibus
712 1251 800 1316 ad
865 1251 1231 1317 Germanos
1300 1252 1756 1340 invitatosque
1830 1274 1940 1318 eos
2010 1253 2112 1317 uti
2183 1252 2269 1317 ab

248 1355 490 1421 Rheno
535 1354 981 1422 discederent:
1033 1355 1257 1421 omnia
1294 1354 1652 1447 quae[que]
1697 1357 2145 1443 postulassent
2184 1356 2270 1421 ab

144 1482 220 1529 10
248 1482 325 1525 se
361 1458 505 1526 fore
542 1466 797 1546 parata.
885 1460 1035 1540 Qua
1075 1482 1193 1546 spe
1233 1460 1503 1526 adducti
1537 1460 1853 1526 Germani
1895 1460 2098 1526 latius
2138 1461 2269 1525 iam
2301 1478 2329 1524 4

252 1563 681 1651 vagabantur
731 1569 802 1630 et
848 1564 919 1629 in
974 1564 1140 1629 fines
1193 1563 1581 1631 Eburonum
1635 1569 1704 1630 et
1755 1562 2271 1642 Condrusorum,

252 1667 372 1754 qui
426 1672 585 1733 sunt
634 1668 1072 1733 Treverorum
1128 1668 1418 1745 clientes,
1463 1673 1928 1754 pervenerant.
2022 1668 2272 1734 Princi·
2301 1683 2331 1734 5

250 1771 453 1857 pibus
513 1771 769 1837 Galliae
834 1772 1127 1838 evocatis
1194 1770 1439 1838 Caesar
1498 1796 1577 1838 ea
1637 1795 1805 1859 quae
1875 1777 2276 1860 cognoverat

252 1876 740 1941 dissimulanda
782 1876 911 1943 sibi
958 1876 1394 1957 existimavit,
1440 1898 1800 1963 eorumque
1843 1878 2084 1942 animis
2128 1899 2273 1964 per-

147 1992 224 2042 15
253 1979 492 2046 mulsis
550 1985 619 2046 et
677 1980 1087 2046 confirmatis
1145 1980 1580 2066 equitatuque
1640 1981 1967 2067 imperato
2028 1981 2269 2047 bellum

255 2107 410 2151 cum
456 2084 805 2150 Germanis
847 2106 1076 2172 gerere
1120 2085 1490 2152 constituit.

348 2190 447 2255 Re
507 2189 948 2255 frumentaria
1013 2194 1398 2275 comparata
1467 2189 1932 2276 equitibusque
2005 2189 2276 2256 delectis
2306 2194 2348 2253 7

256 2295 389 2359 iter
447 2294 518 2358 in
578 2317 656 2360 ea
714 2293 857 2360 loca
915 2292 1131 2359 facere
1190 2292 1424 2378 coepit,
1479 2293 1723 2378 quibus
1781 2293 1851 2358 in
1912 2293 2070 2360 locis
2137 2315 2276 2359 csse

257 2398 623 2464 Germanos
653 2398 989 2465 audiebat.
1076 2398 1137 2462 A
1168 2396 1409 2482 quibus
1437 2418 1587 2464 cum
1620 2419 1981 2484 paucorum
2012 2397 2269 2463 dierum
2303 2411 2333 2462 2

152 2518 230 2567 20
257 2502 388 2568 iter
433 2502 707 2579 abesset,
738 2501 943 2590 legati
980 2501 1065 2567 ab
1110 2500 1193 2566 iis
1237 2504 1581 2578 venerunt,
1612 2523 1894 2588 quorum
1935 2502 2095 2568 haec
2137 2502 2273 2567 fuit

2396 921 2596 984 rejoins
2616 921 2704 970 his

2394 1002 2552 1049 army
2570 987 2682 1037 and

2397 1054 2557 1102 holds
2578 1068 2611 1102 a

2397 1119 2611 1169 council
2636 1118 2697 1167 of

2396 1187 2492 1235 the
2516 1184 2693 1234 Gallie

2397 1253 2661 1301 notables.

2404 2208 2492 2256 He

2402 2273 2649 2323 marchas

2403 2342 2616 2402 against

2405 2407 2501 2456 the

2403 2474 2686 2532 Germans,

2401 2540 2583 2588 whose

256 2610 509 2675 oratio:
561 2608 925 2674 Germanos
960 2628 1172 2693 neque
1214 2606 1467 2692 priores
1506 2607 1752 2693 populo
1797 2607 2096 2673 Romano
2133 2606 2270 2673 bel-
2301 2615 2330 2663 3
2399 2619 2602 2668 ens-05³
2618 2620 2712 2653 θη-

256 2715 401 2779 lum
431 2712 679 2778 inferre
709 2735 922 2800 neque
952 2717 1175 2777 tamen
1208 2733 1529 2791 recusare,
1559 2712 1616 2776 si
1647 2711 2079 2791 lacessantur,
2111 2712 2273 2798 quin

256 2818 466 2884 armis
483 2817 907 2895 contendant,
925 2816 1101 2903 quod
1120 2816 1602 2882 Germanorum
1621 2815 2029 2881 consuetudo
2052 2813 2271 2906 [haec]

257 2923 351 2989 sit
402 2944 446 2988 a
494 2922 855 2988 maioribus
909 2921 1174 2998 tradita,
1216 2920 1612 3007 quicumque
1659 2919 1905 2985 bellum
1959 2920 2272 2998 inferant,

333 3120 394 3181 6,
421 3114 450 3188 ξ
477 3116 527 3170 3.
567 3118 754 3172 omnia
777 3132 932 3187 quae.
1003 3113 1123 3169 The
1153 3111 1313 3167 MSS.
1340 3113 1483 3169 have
1509 3116 1696 3169 omnia
1721 3131 1971 3186 quaeque,
2003 3112 2188 3168 which
2229 3112 2274 3167 is

259 3186 558 3256 obviously
594 3204 803 3258 wrong.
896 3184 1050 3242 Most
1090 3182 1304 3241 editors
1350 3184 1487 3240 read
1523 3189 1811 3258 omniaque
1847 3203 2001 3256 qnae,
2044 3185 2166 3252 but,
2214 3204 2275 3239 as

262 3258 483 3315 Meusel
513 3258 767 3315 remarks
791 3260 867 3330 (J.
888 3259 973 3325 B.,
1007 3255 1163 3319 1910,
1192 3273 1248 3326 p.
1275 3255 1387 3325 60),
1487 3275 1514 3311 e
1537 3256 1585 3311 is
1610 3256 1978 3327 superfluous.

261 3330 364 3458 26§
381 3332 573 3462 {thoni
598 3330 772 3387 refers
798 3333 858 3385 to
884 3330 1201 3385 Eburonum
1226 3345 1288 3383 as
1314 3275 1528 3384 well‘ssa
1553 3330 1614 3383 to
1645 3332 2063 3385 Condrusorum.
2115 3326 2201 3383 cf.
2223 3348 2272 3393 v,

337 3445 463 3546 '§'5.
502 3474 851 3544 Principibus
890 3470 1240 3543 apparently
1286 3488 1480 3526 means
1531 3471 1854 3527 ‘notables'
1896 3489 1960 3526 or
2010 3469 2276 3543 ‘leading

261 3563 399 3602 men
418 3545 452 3601 '.
526 3544 610 3600 cf.
634 3545 736 3600 the
761 3547 896 3601 note
921 3562 996 3599 on
1022 3545 1063 3608 i,
1089 3543 1139 3610 3,
1165 3542 1264 3615 §5.

335 3619 619 3673 constituit
636 3633 832 3673 means
853 3631 1010 3670 more
1033 3614 1178 3670 than
1206 3618 1221 3643 ⁸
1241 3612 1492 3670 resolved
1514 3616 1544 3679 ⁹,
1569 3613 1659 3668 for
1678 3614 1883 3670 Caesar
1906 3614 2020 3668 had
2042 3613 2276 3684 already

264 3688 517 3745 resolved
552 3692 616 3745 to
646 3688 810 3761 fight.
882 3687 959 3742 As
984 3684 1299 3742 Schneider
1325 3685 1595 3754 remarks,
1623 3683 1674 3740 it
1698 3685 1745 3739 is
1771 3684 2102 3756 equivalent
2129 3690 2188 3741 to
2220 3705 2276 3740 se

267 3763 399 3814 telle
421 3761 757 3826 ostendit‚—‘
776 3758 1114 3815 announeed
1140 3757 1230 3813 his
1252 3757 1545 3814 intention
1563 3759 1599 3815 '.

335 3834 393 3898 ¹7,
430 3830 460 3903 ξ
498 3832 553 3886 2.
590 3837 641 3886 Α
678 3833 889 3902 quibus.
974 3828 1095 3884 The
1134 3828 1476 3885 antecedent
1510 3827 1574 3892 is,
1618 3827 1644 3882 Ι
1681 3827 1913 3895 believe,
1961 3831 2272 3896 Germanos,

264 3904 387 3970 not,
411 3920 474 3958 as
499 3903 724 3959 Kraner
746 3919 893 3973 says,
919 3920 981 3956 ea
1007 3904 1143 3957 loca.
1215 3900 1430 3957 Meusel
1455 3916 1655 3972 agrees
1681 3900 1816 3955 with
1844 3918 1950 3956 me.

338 3972 369 4046 ξ
396 3974 446 4029 3.
517 3974 638 4030 The
665 3976 907 4030 tenses—
926 3975 1273 4038 lacessantur,
1298 3975 1636 4039 contendant,
1657 3975 1729 4027 sit
1753 3975 1976 4036 tradita,
2002 3973 2156 4027 &c.—
2177 3990 2273 4028 are

267 4045 649 4102 remarkable.
718 4044 837 4100 The
875 4043 1246 4115 explanation
1281 4044 1329 4099 is
1359 4044 1489 4100 that
1518 4044 1617 4099 the
1654 4043 1861 4114 speech
1897 4042 2097 4116 begins
2134 4044 2274 4099 with

264 4122 573 4246 abprgsept
606 4115 909 4243 inigitive,
936 4114 1226 4243 andelgalz
1258 4114 1466 4257 gmgst
1485 4114 1722 4243 {giuthe
1755 4114 1926 4255 {3351-
1963 4114 2275 4242 ilnfixbitivies

267 4204 1193 4245 wreiconmsarern
1330 4227 1429 4241 ..
1628 4227 1727 4253 ,.
1884 4226 1898 4239 .
2003 4204 2275 4241 nram

266 4261 449 4316 Recta
481 4260 581 4318 the
617 4262 885 4316 sentence
919 4205 1106 4314 woliild
1138 4276 1247 4313 run
1289 4228 1550 4313 Gemn'ani
1582 4298 1596 4312 .
1629 4299 1643 4313 .
1672 4204 1991 4326 Poscusant,
2026 4259 2078 4311 si
2111 4259 2274 4312 Iaces-

262 4340 481 4397 snntur,
507 4336 643 4404 quin
662 4335 838 4387 armis
859 4332 1201 4397 contendant,
1227 4330 1327 4385 &a

336 4407 480 4476 quod
508 4407 908 4459 Germanorum
937 4441 951 4459 .
978 4440 992 4458 .
1021 4439 1035 4457 .
1061 4403 1286 4457 tradita.
1324 4398 1542 4457 Meusel
1572 4401 1653 4471 (J.
1677 4401 1761 4469 B.,
1787 4398 1938 4466 1910,
1962 4417 2017 4470 p.
2043 4397 2135 4469 72)
2162 4400 2275 4456 and

2400 2672 2637 2721 deavour
2656 2676 2712 2719 to

2401 2741 2507 2786 tem
2515 2740 2707 2801 pot-ize.
