3177 5166
856 299 1583 368 COMMENTARIUS
1630 302 1666 365 I
2188 302 2271 366 25

259 464 558 530 exercitu
598 464 666 527 L.
696 462 923 529 Sullae
968 468 1036 528 et
1078 467 1311 549 postea
1350 464 1422 528 in
1464 464 1552 528 M.
1584 463 1809 529 Crassi
1852 462 2092 538 fuerat,
2121 483 2271 527 cum

263 567 792 655 exploratoribus
821 567 1298 654 praemittitur.

352 673 577 737 Prima
620 672 786 749 luce,
816 694 968 738 cum
1012 693 1312 737 summus
1357 693 1546 737 mons
1588 696 1632 736 a
1678 668 1937 761 [Lucio]
1982 670 2274 736 Labieno
2301 676 2395 734 22

268 781 624 854 teneretur,
656 778 798 864 ipse
841 777 927 842 ab
971 777 1265 842 hostium
1310 777 1546 842 castris
1597 799 1732 842 non
1784 776 2048 863 longius
2094 775 2276 840 mille

206 908 237 955 5
266 889 334 950 et
384 882 769 969 quingentis
821 882 1125 968 passibus
1181 882 1441 948 abesset
1500 904 1736 968 neque,
1779 885 1860 947 ut
1910 885 2141 968 postea
2192 902 2276 945 ex

264 987 554 1074 captivis
614 986 955 1072 comperit,
999 990 1118 1051 aut
1177 986 1387 1072 ipsius
1445 986 1777 1052 adventus
1828 990 1949 1050 aut
2001 984 2277 1050 Labieni

265 1091 574 1177 cognitus
625 1096 814 1170 esset,
860 1088 1216 1156 Considius
1268 1111 1438 1176 equo
1490 1089 1779 1156 admisso
1825 1089 1912 1155 ad
1966 1110 2117 1154 eum
2170 1109 2275 1153 ac-
2303 1108 2334 1155 2

267 1195 496 1272 currit,
518 1194 683 1260 dicit
712 1198 1024 1271 montem,
1043 1215 1238 1280 quem
1263 1216 1305 1259 a
1327 1193 1619 1259 Labieno
1642 1195 1947 1281 occupari
1971 1192 2280 1275 voluerit,

266 1299 356 1364 ab
401 1298 704 1364 hostibus
748 1299 998 1364 teneri:
1061 1298 1129 1362 id
1173 1320 1244 1363 se
1289 1321 1330 1363 a
1369 1298 1644 1365 Gallicis
1687 1299 1891 1364 armis
1934 1302 2136 1384 atque
2179 1298 2280 1361 in-

174 1428 242 1475 10
268 1402 572 1490 signibus
601 1403 1005 1489 cognovisse.
1095 1401 1342 1470 Caesar
1363 1425 1519 1469 suas
1547 1404 1772 1490 copias
1802 1403 1873 1467 in
1903 1401 2277 1489 proximum
2307 1423 2337 1471 3

268 1506 504 1573 collem
561 1506 894 1587 subducit,
938 1506 1144 1572 aciem
1212 1507 1506 1572 instruit.
1597 1506 1946 1583 Labienus
1998 1510 2078 1571 ut
2136 1510 2282 1571 erat

270 1612 334 1677 ei
393 1616 818 1698 praeceptum
867 1634 908 1676 a
960 1609 1241 1677 Caesare
1300 1634 1385 1676 ne
1444 1612 1767 1698 proelium
1819 1611 2283 1685 committeret,

272 1717 406 1782 nisi
452 1716 662 1802 ipsius
705 1716 931 1802 copiae
976 1737 1179 1802 prope
1225 1717 1517 1781 hostium
1563 1722 1783 1782 castra
1823 1716 2004 1781 visae
2047 1720 2284 1797 essent,

274 1825 356 1886 ut
412 1820 707 1907 undique
771 1842 906 1886 uno
965 1825 1262 1907 tempore
1320 1821 1392 1884 in
1451 1822 1675 1887 hostes
1734 1822 2024 1908 impetus
2076 1820 2285 1900 fieret,

178 1952 247 1999 15
274 1930 504 1991 monte
546 1930 864 2011 occupato
908 1930 1169 1991 nostros
1213 1925 1611 2012 expectabat
1653 1926 2033 2013 proelioque
2077 1924 2283 1990 absti-

276 2030 498 2095 nebat.
589 2028 805 2095 Multo
865 2029 1149 2116 denique
1197 2030 1305 2095 die
1365 2051 1485 2117 per
1535 2031 1988 2117 exploratores
2040 2027 2287 2096 Caesar
2312 2049 2341 2096 4

277 2134 592 2222 cognovit
631 2139 701 2200 et
740 2138 1033 2199 montem
1064 2157 1105 2199 a
1145 2135 1282 2200 suis
1318 2136 1533 2200 teneri
1573 2139 1643 2200 et
1678 2134 2025 2200 Helvetios
2069 2140 2288 2201 castra

281 2239 567 2303 movisse
610 2242 679 2303 et
730 2237 1115 2303 Considium
1161 2239 1401 2304 timore
1444 2238 1871 2325 perterritum
1925 2238 2101 2325 quod
2152 2261 2287 2304 non

283 2341 561 2408 vidisset
596 2364 717 2429 pro
748 2342 893 2408 viso
933 2343 1061 2407 sibi
1093 2343 1599 2408 renuntiavisse.
1689 2343 1787 2409 Eo
1816 2344 1925 2408 die
1965 2365 2098 2429 quo
2132 2365 2286 2409 con·
2316 2369 2346 2418 5

186 2464 254 2513 20
281 2452 509 2512 suerat
540 2447 894 2512 intervallo
924 2447 1149 2513 hostes
1179 2448 1483 2533 sequitur
1504 2451 1573 2512 et
1603 2447 1790 2513 milia
1818 2469 2133 2535 passuum
2156 2448 2291 2512 tria

281 2551 369 2617 ab
399 2572 627 2617 eorum
656 2551 893 2618 castris
921 2555 1142 2618 castra
1169 2552 1379 2639 ponit.

375 2655 699 2722 Postridie
729 2656 870 2721 eius
911 2655 1060 2734 diei,
1090 2656 1267 2743 quod
1307 2657 1578 2722 omnino
1615 2657 1892 2722 biduum
1932 2661 2293 2743 supererat,
2320 2671 2415 2728 23
2442 2673 2527 2723 He

284 2783 439 2827 cum
484 2760 806 2826 exercitui
855 2759 1270 2827 frumentum
1323 2761 1543 2827 metiri
1598 2765 1951 2849 oporteret,
1996 2766 2065 2827 et
2116 2761 2292 2847 quod

286 2887 329 2930 a
393 2864 724 2943 Bibracte,
775 2865 1020 2951 oppido
1095 2865 1529 2931 Haeduorum
1604 2865 1799 2952 longe
1866 2865 2159 2930 maximo
2227 2868 2296 2928 et

190 2989 259 3038 25
285 2968 753 3056 copiosissimo,
804 2991 941 3034 non
997 2969 1284 3056 amplius
1343 2970 1613 3035 milibus
1677 2991 1993 3056 passuum
2053 2965 2296 3034 XVIII

287 3075 536 3151 aberat,
582 3074 679 3138 rei
726 3073 1204 3140 frumentariae
1261 3075 1793 3162 prospiciendum
1850 3073 2299 3153 existimavit;

364 3209 394 3284 ξ
418 3214 469 3268 4.
508 3212 570 3268 L.
597 3211 759 3268 Sulla
780 3230 897 3268 was
921 3214 1017 3269 the
1040 3213 1262 3269 famous
1286 3212 1536 3269 dictator
1559 3213 1688 3268 wh'o
1726 3212 2039 3268 overthrow
2064 3210 2297 3267 Marius.

290 3283 370 3338 M.
397 3285 627 3340 Crassus
654 3301 766 3339 was
789 3285 888 3340 the
924 3284 1270 3340 millionaire
1294 3285 1361 3340 of
1387 3285 1582 3353 Rome,
1611 3284 1758 3352 who,
1783 3283 1923 3339 with
1949 3283 2155 3339 Caesar
2186 3283 2299 3338 and

293 3355 567 3425 Pompey‚
601 3354 824 3411 formed
858 3356 960 3411 the
998 3357 1123 3411 first
1145 3355 1545 3425 Triumvirate‚
1572 3355 1687 3410 and
1726 3356 1850 3411 who
1888 3355 2003 3411 had
2039 3354 2301 3411 defeated

295 3426 621 3498 Spartacus,
646 3428 747 3483 the
773 3426 968 3483 leader
991 3429 1057 3483 of
1074 3428 1174 3484 the
1200 3427 1353 3483 rebel
1378 3428 1571 3492 slaves,
1599 3427 1660 3481 in
1688 3428 1750 3481 71
1781 3441 1900 3483 B.c.

366 3500 468 3564 22,
495 3495 525 3570 ξ
552 3498 606 3554 2.
645 3517 681 3552 a
717 3497 976 3563 (Gallicis
1007 3498 1201 3564 armis)
1230 3498 1292 3553 in
1319 3498 1437 3554 this
1462 3516 1625 3554 sense
1650 3498 1698 3553 is
1730 3496 2166 3568 extraordinary
2190 3496 2302 3552 and

293 3569 2304 3712 fi?{afflffffissssssffisssgtssssffl3333052132-...2250530}ssizzmsstziz

295 3712 486 3770 either
511 3714 742 3805 Gallicis
764 3715 936 3768 armis
954 3731 1017 3770 or
1037 3733 1104 3769 ex
1126 3715 1358 3770 Gallicis
1375 3717 1560 3771 amnis,
1618 3715 1941 3783 Insignibus
1956 3713 2092 3769 here
2110 3730 2305 3768 means

332 3787 598 3981 θέῗῗεῗὶ.
649 3874 773 3911 cum
799 3897 813 3911 .
841 3896 856 3910 .
885 3899 897 3911 .
925 3864 1202 3927 oporteret.
1293 3855 1452 3913 Even
1487 3855 1548 3910 in
1587 3856 1706 3911 this
1742 3873 1980 3927 passage
2016 3874 2138 3911 cum
2172 3854 2308 3911 does

300 3931 407 3981 not
441 3927 549 3983 tel
585 3945 652 3982 us
689 3931 818 4011 only
855 3928 1014 3983 ‘how
1051 3945 1159 3985 one
1196 3928 1388 3985 action
1423 3928 1474 3983 is
1506 3928 1725 3984 related
1775 3931 1836 3984 to
1884 3927 2129 3983 another
2163 3926 2306 3982 with

299 3999 502 4069 regard
526 4001 590 4054 to
614 3999 711 4055 the
746 4004 887 4057 tune
923 4000 991 4056 of
1020 3999 1096 4055 its
1132 4001 1509 4057 occurrence’
1551 4001 1664 4071 (see
1688 3999 1790 4055 the
1827 4001 1964 4055 note
1998 4016 2076 4054 on
2100 3999 2152 4064 4,
2174 3995 2204 4070 ξ
2229 3997 2304 4067 3).

301 4069 357 4124 It
372 4069 504 4125 does
530 4073 636 4126 not
647 4070 753 4127 tell
779 4089 844 4126 us
863 4072 997 4141 only
1018 4072 1150 4126 that
1168 4071 1268 4128 the
1288 4071 1504 4128 ratione
1518 4071 1706 4127 would
1721 4070 1792 4126 be
1808 4069 1917 4126 due
1937 4069 2000 4123 in
2015 4069 2087 4124 48
2105 4069 2276 4124 hours
2295 4090 2308 4124 :

302 4139 349 4196 it
372 4140 505 4197 tells
529 4160 594 4197 us
617 4142 749 4198 that
781 4142 933 4199 their
955 4142 1320 4199 distribution
1351 4142 1538 4199 would
1564 4144 1632 4199 be
1656 4159 1692 4197 a
1714 4158 2100 4211 consequence
2128 4141 2192 4196 of
2209 4141 2307 4197 the

301 4211 625 4285 expiration
651 4215 718 4269 of
734 4215 806 4269 48
827 4214 1020 4270 hours.
1090 4214 1210 4270 The
1232 4213 1536 4270 difference
1559 4213 1609 4268 is
1632 4212 1832 4279 subtle,
1858 4212 1963 4268 but
1988 4213 2124 4269 real.

370 4288 567 4340 metiri.
642 4284 745 4342 See
770 4286 872 4341 the
897 4290 1033 4342 note
1057 4302 1131 4342 on
1160 4284 1297 4354 16ss
1324 4288 1375 4341 5.

370 4359 713 4414 existinmvit.
790 4357 851 4412 If
866 4357 968 4413 the
993 4356 1109 4412 MS.
1143 4346 1382 4430 reading
1405 4356 1453 4412 is
1477 4356 1647 4428 right,
1664 4361 1862 4429 itaque,
1880 4354 2067 4412 which
2093 4355 2310 4412 Meusel

2439 2739 2688 2856 {narches

2463 2821 2523 2855 or

2444 2873 2696 2921 Bibracte

2443 2941 2499 2987 to
2520 2952 2702 2986 secure

2444 3003 2705 3067 supplies,
