3177 5166
864 352 1595 421 COMMENTARIUS
1640 354 1698 418 V
2157 357 2281 421 221

275 513 346 577 in
380 535 708 580 summam
738 519 1298 605 contemptionem
1335 519 1638 585 hostibus
1669 519 1914 584 veniat.
2003 519 2284 584 Interim
2314 538 2344 587 8

271 619 797 703 speculatoribus
837 623 909 687 in
949 645 1178 689 omnes
1222 629 1444 709 partes
1483 624 1775 689 dimissis
1817 623 2122 710 explorat
2153 646 2285 710 quo

270 724 797 792 commodissime
827 727 1065 794 itinere
1098 728 1338 794 vallem
1371 728 1657 795 transire
1688 728 1911 814 possit.

359 828 456 894 Eo
485 829 593 895 die
622 831 922 916 parvulis
951 832 1366 918 equestribus
1394 832 1663 918 proeliis
1696 832 1784 897 ad
1814 853 2055 918 aquam
2088 831 2286 897 factis
2313 854 2410 911 50
2430 856 2558 908 who
2575 872 2665 908 en-

208 947 239 996 5
271 933 539 1020 utrique
568 957 708 1001 sese
743 958 863 1002 suo
893 936 1034 1004 loco
1063 936 1447 1003 continent.
1487 936 1681 1016 Galli,
1715 936 1891 1023 quod
1932 935 2284 1022 ampliores
2311 956 2340 1004 2
2427 924 2734 1040 3⁰:223}ssme

268 1038 515 1124 copias,
538 1061 708 1126 quae
732 1041 1026 1106 nondum
1049 1048 1518 1122 convenerant,
1535 1042 1996 1128 expectabant,
2023 1041 2283 1119 Caesar,
2310 1055 2339 1113 3
2427 1056 2737 1106 himonun-

267 1142 325 1206 si
379 1141 554 1209 forte
603 1144 866 1210 timoris
929 1144 1352 1212 simulatione
1405 1146 1629 1212 hostes
1688 1147 1760 1212 in
1819 1167 2012 1212 suum
2065 1146 2280 1212 locum
2424 1122 2736 1251 ἑζζζᾚωθ

267 1246 500 1313 elicere
572 1253 813 1335 posset,
870 1255 949 1315 ut
1006 1249 1176 1317 citra
1238 1250 1479 1315 vallem
1542 1271 1663 1337 pro
1729 1251 1965 1317 castris
2034 1250 2284 1336 proelio

265 1353 731 1432 contenderet3
792 1354 849 1418 si
896 1353 963 1419 id
1018 1354 1270 1421 efficere
1323 1377 1457 1420 non
1509 1359 1751 1441 posset,
1790 1359 1869 1420 ut
1919 1355 2312 1441 exploratis-

170 1470 239 1518 10
266 1456 620 1523 itineribus
695 1458 950 1524 minore
1035 1480 1184 1525 cum
1261 1459 1553 1545 periculo
1614 1459 1853 1525 vallem
1930 1459 2280 1544 rivumque

266 1562 601 1628 transiret.
699 1562 923 1628 Prima
974 1563 1119 1630 luce
1172 1564 1463 1630 hostium
1524 1562 1866 1650 equitatus
1924 1563 2009 1628 ad
2061 1570 2280 1629 castra
2305 1586 2333 1632 4

262 1666 519 1733 accedit
550 1667 1005 1754 proeliumque
1040 1690 1191 1735 cum
1234 1668 1479 1734 nostris
1520 1667 1858 1754 equitibus
1898 1668 2275 1734 committit.

265 1770 510 1835 Caesar
537 1770 840 1838 consulto
870 1773 1126 1858 equites
1154 1773 1382 1839 cedere
1411 1794 1612 1859 seque
1642 1773 1713 1837 in
1743 1776 1961 1838 castra
1990 1772 2278 1859 recipere
2299 1792 2335 1841 6

262 1874 465 1952 iubet,
494 1875 695 1940 simul
740 1898 826 1942 ex
868 1877 1175 1942 omnibus
1222 1875 1527 1965 partibus
1568 1881 1791 1943 castra
1832 1875 2069 1942 altiore
2101 1876 2289 1942 vallo-

165 1994 233 2042 15
263 1979 510 2045 muniri
550 1984 906 2067 portasque
941 1981 1200 2047 obstrui
1240 1988 1443 2068 atque
1484 1981 1557 2047 in
1585 1981 1694 2048 his
1732 1981 2276 2047 administrandis

261 2085 461 2150 rebus
508 2106 707 2171 quam
762 2085 1051 2152 maxime
1102 2086 1478 2153 concursari
1528 2090 1598 2152 et
1644 2107 1794 2153 cum
1849 2085 2274 2151 simulatione

260 2190 370 2276 agi
401 2188 662 2256 timoris
690 2190 892 2257 iubet.

349 2294 608 2375 Quibus
636 2295 944 2361 omnibus
975 2295 1172 2361 rebus
1212 2297 1435 2361 hostes
1473 2294 1749 2360 invitati
1780 2295 2003 2381 copias
2041 2295 2269 2361 tradu-
2299 2312 2392 2368 51
2415 2309 2556 2359 Rout
2580 2311 2637 2359 of

260 2403 422 2465 cunt
471 2399 811 2485 aciemque
862 2398 1094 2485 iniquo
1144 2398 1286 2466 loco
1337 2399 1774 2477 constituunt,
1819 2398 2064 2464 nostris
2114 2421 2271 2465 vero
2296 2425 2326 2473 2
2413 2376 2510 2425 ²¹¹⁹
2538 2377 2720 2427 ⁶⁸⁰¹*

163 2518 231 2566 20
259 2502 461 2568 etiam
496 2502 578 2568 de
611 2503 786 2570 vallo
815 2504 1119 2571 deductis
1160 2503 1434 2592 propius
1472 2503 1797 2570 accedunt
1828 2507 1896 2568 et
1926 2502 2062 2568 tela
2089 2502 2271 2569 intra

260 2608 699 2674 munitionem
752 2631 837 2676 ex
888 2610 1197 2675 omnibus
1251 2609 1551 2696 partibus
1594 2608 1885 2675 coiciunt
1935 2609 2269 2694 praeconi·
2299 2627 2328 2674 3

258 2713 512 2800 busque
533 2713 998 2780 circummissis
1021 2713 1441 2801 pronuntiari
1460 2713 1713 2792 iubent,
1732 2735 1847 2778 seu
1868 2713 2017 2798 quis
2040 2711 2271 2778 Gallus

256 2840 374 2885 seu
405 2818 751 2884 Romanus
782 2817 949 2885 velit
986 2824 1143 2884 ante
1181 2818 1414 2884 horam
1446 2818 1716 2885 tertiam
1747 2817 1832 2883 ad
1868 2838 1939 2882 se
1969 2817 2271 2894 transire,

254 2924 398 2989 sine
416 2922 711 3011 periculo
733 2923 956 3004 licere3
990 2927 1143 3011 post
1164 2922 1234 2989 id
1253 2928 1516 3011 tempus
1534 2945 1670 2988 non
1689 2921 1832 2989 fore
1851 2926 2268 3008 potestatem.

160 3042 225 3090 25
253 3029 351 3094 Ac
386 3029 482 3095 sic
511 3032 772 3094 nostros
807 3033 1349 3115 contempserunt
1378 3032 1457 3093 ut
1486 3027 1845 3094 obstructis
1884 3026 1955 3091 in
1985 3027 2268 3113 speciem
2296 3051 2324 3097 4

251 3133 465 3220 portis
494 3133 776 3221 singulis
806 3133 1151 3199 ordinibus
1180 3133 1568 3220 caespitum,
1601 3133 1778 3219 quod
1808 3155 1887 3199 ea
1915 3154 2051 3198 non
2081 3153 2269 3219 posse

252 3238 742 3325 introrumpere
788 3238 1213 3319 videbantur,
1252 3238 1368 3302 alii
1410 3238 1663 3304 vallum
1708 3260 1912 3303 manu
1953 3237 2266 3315 scindere,

249 3342 363 3407 alii
398 3341 608 3408 fossas
646 3342 972 3429 complere
1013 3343 1398 3429 inciperent.
1485 3343 1654 3408 Tum
1686 3342 1932 3409 Caesar
1960 3343 2267 3408 omnibus
2294 3364 2323 3412 5

251 3445 465 3532 portis
523 3447 873 3533 eruptione
934 3445 1115 3512 facta
1173 3448 1612 3534 equitatuque
1671 3448 1906 3514 emisso
1965 3447 2267 3514 celeriter

158 3566 221 3614 30
250 3551 472 3616 hostes
518 3551 591 3615 in
638 3550 869 3639 fugam
913 3550 1049 3629 dat,
1076 3551 1170 3617 sic
1214 3552 1318 3617 uti
1363 3552 1634 3617 omnino
1679 3551 2020 3640 pugnandi
2066 3574 2265 3618 causa

250 3655 586 3721 resisteret
629 3677 841 3735 nem0‚
881 3677 1328 3743 magnumque
1373 3679 1457 3722 ex
1502 3656 1584 3720 iis
1629 3678 1978 3722 numerum
2024 3657 2265 3723 occidit

248 3764 451 3845 atque
481 3780 709 3825 omnes
737 3759 941 3825 armis
971 3760 1180 3826 exuit.

319 3972 350 4047 ξ
377 3974 426 4030 8.
464 3974 899 4044 speculatoribus.
973 3973 1078 4030 See
1104 3972 1203 4031 the
1228 3974 1364 4030 note
1388 3990 1465 4029 on
1490 3971 1550 4037 ii,
1581 3973 1662 4039 11,
1694 3971 1723 4045 ξ
1750 3974 1800 4028 2.

317 4048 426 4113 50,
453 3993 581 4118 ξ
509 4046 560 4100 5.
599 4047 850 4102 comalio.
923 4042 1463 4109 Doberenz-Dinter‚
1490 4044 1729 4100 referi-in
1795 4050 1857 4100 to
1885 4043 1966 4110 16,
1991 4043 2020 4117 ξ
2047 4046 2099 4114 2,
2125 4043 2260 4101 take

244 4087 542 4245 ιᾶιῖεὲβτᾱ
563 4116 952 4244 Xitgietcodeoe.
986 4120 1048 4173 to
1073 4134 1165 4173 me
1192 4115 1282 4172 it
1266 4133 1315 4170 ιε
1336 4114 1468 4173 self-
1473 4114 1706 4173 evident
1732 4120 1758 4172 t
1801 4117 1865 4171 at
1889 4114 1938 4171 it
1959 4133 2093 4187 goes
2118 4116 2258 4172 with

288 4269 520 4459 gig?
518 4332 571 4388 4.
596 4259 1060 4398 Sgaeblss‘ffi'epxgg
1085 4258 1427 4398 ἳξιιῖἱῗῃΙίῙῖἰ
1434 4256 1680 4403 ξιῖἦὲἰὲ
1684 4329 2013 4401 equivalent
2053 4334 2115 4386 to
2157 4332 2261 4387 sibi

244 4424 294 4458 m
433 4424 466 4459 n
491 4423 578 4459 ur.
