3177 5166
884 288 1017 350 382
1453 285 1574 353 DE
1622 284 1912 352 BELLO
1958 282 2354 352 GALLICO

887 449 1288 536 [Romanum
1320 449 1417 536 et]
1446 453 1798 514 externum
1829 446 2158 514 sustinere
2188 448 2447 515 hostem
2478 452 2548 514 et
2579 448 2911 535 respicere

885 574 962 619 ac
1015 552 1248 619 timere
1308 553 1692 641 oppidanos,
1727 556 1999 639 repente
2046 574 2132 618 ex
2182 574 2261 618 eo
2310 550 2454 620 loco
2495 574 2648 619 cum
2692 550 2910 639 copiis

886 657 1135 723 recedit
1164 680 1283 724 nec
1313 680 1383 724 se
1425 656 1591 724 satis
1630 659 1855 724 tutum
1887 656 2031 722 fore
2072 656 2460 735 arbitratur,
2488 654 2620 723 nisi
2648 657 2905 723 flumen

888 760 1197 849 Ligerim,
1274 761 1452 847 quod
1523 766 1671 828 erat
1743 763 1946 848 ponte
2021 763 2295 848 propter
2367 761 2903 851 magnitudinem

830 880 860 928 3
888 865 1383 946 transeundum,
1401 862 1625 952 copias
1646 862 2077 934 traduxisset.
2155 864 2422 944 Fabius,
2443 862 2566 932 etsi
2599 865 2905 931 nondum
2933 878 2967 929 5

887 969 958 1034 in
987 972 1409 1056 conspectum
1440 968 1734 1034 hostium
1768 974 2045 1036 venerat
2077 992 2292 1056 neque
2331 992 2403 1036 se
2430 992 2580 1038 cum
2611 968 2906 1036 Caninio

885 1072 1340 1150 coniunxerat,
1382 1078 1609 1139 tamen
1656 1073 1891 1140 doctus
1936 1075 2023 1139 ab
2071 1072 2156 1140 iis
2199 1074 2316 1161 qui
2359 1075 2652 1142 locorum
2697 1096 2904 1140 nove-

887 1182 1043 1244 rant
1086 1181 1397 1243 naturam
1448 1175 1868 1264 potissimum
1913 1177 2198 1246 credidit
2241 1178 2465 1246 hostes
2506 1178 2908 1265 perterritos

832 1298 859 1346 4
887 1303 1039 1349 eum
1098 1281 1331 1360 locum,
1376 1303 1571 1368 quem
1631 1282 1964 1371 petebant,
2009 1283 2357 1371 petituros.
2446 1284 2686 1371 Itaque
2748 1305 2905 1350 cum

885 1387 1092 1475 copiis
1158 1387 1244 1453 ad
1311 1387 1594 1453 eundem
1662 1392 1934 1474 pontem
1994 1388 2337 1455 contendit
2394 1388 2910 1475 equitatumque
2935 1406 3001 1453 10

887 1495 1154 1559 tantum
1223 1492 1612 1580 praecedere
1679 1498 1839 1558 ante
1902 1514 2143 1581 agmen
2199 1491 2488 1582 imperat
2544 1492 2908 1582 legionum,

889 1604 1211 1685 quantum
1242 1619 1392 1663 cum
1422 1596 1864 1684 processisset,
1892 1598 2034 1664 sine
2065 1598 2549 1686 defatigatione
2577 1620 2906 1685 equorum

832 1718 865 1772 ⁵
887 1703 960 1767 in
1005 1701 1233 1768 eadem
1279 1724 1349 1768 se
1393 1698 1715 1789 reciperet
1757 1706 1993 1770 castra.
2083 1701 2600 1789 consequuntur
2642 1703 2909 1789 equites

889 1804 1117 1884 nostri,
1176 1811 1255 1872 ut
1320 1811 1465 1873 erat
1535 1812 1979 1896 praeceptum,
2040 1806 2503 1895 invaduntque
2569 1808 2905 1875 Dumnaci

888 1932 1128 1999 agmen
1187 1915 1257 1977 et
1316 1910 1651 1999 fugientes
1710 1911 2228 2000 perterritosque
2296 1913 2422 1979 sub
2483 1911 2758 1979 sarcinis
2832 1913 2904 1978 in
2933 1927 2999 1977 15

888 2014 1127 2082 itinere
1201 2015 1497 2103 adgressi
1572 2039 1819 2103 magna
1889 2017 2138 2105 praeda
2210 2016 2442 2083 multis
2528 2014 2905 2084 interfectis

888 2119 1255 2209 potiuntur.
1347 2121 1457 2186 Ita
1488 2143 1559 2186 re
1591 2121 1756 2187 bene
1785 2126 1978 2208 gesta
2006 2142 2076 2188 se
2106 2121 2439 2210 recipiunt
2466 2121 2540 2187 in
2569 2126 2810 2191 castra.

768 2232 863 2289 28
977 2224 1364 2311 Insequenti
1437 2228 1628 2291 nocte
1705 2225 1952 2292 Fabius
2023 2225 2279 2313 equites
2350 2224 2727 2315 praemittit
2807 2224 2904 2294 sic

890 2333 1158 2417 paratos
1187 2334 1266 2395 ut
1294 2329 1727 2417 confligerent
1756 2335 1956 2417 atque
1992 2352 2230 2420 agmen
2268 2335 2707 2410 morarentur,
2736 2331 2901 2397 dum

833 2452 863 2500 2
889 2438 1401 2521 consequeretur
1429 2435 1590 2523 ipse.
1671 2434 1879 2501 Cuius
1908 2435 2277 2524 praeceptis
2299 2439 2379 2503 ut
2407 2459 2515 2503 res
2536 2440 2902 2525 gereretur,
2931 2452 2997 2501 20

892 2542 971 2625 Q.
1044 2539 1243 2606 Atius
1312 2541 1550 2620 Varus,
1601 2539 1977 2629 praefectus
2047 2542 2366 2629 equitum,
2411 2540 2771 2630 singularis
2833 2549 2905 2609 et

890 2645 1096 2713 animi
1167 2650 1236 2712 et
1302 2646 1698 2733 prudentiae
1760 2647 1884 2727 vir,
1930 2667 2085 2713 suos
2153 2648 2465 2715 hortatur
2528 2669 2905 2735 agmenque

890 2751 1183 2818 hostium
1228 2757 1618 2818 consecutus
1665 2756 1921 2817 turmas
1963 2752 2212 2838 partim
2257 2750 2512 2818 idoneis
2556 2752 2716 2819 locis
2766 2752 2907 2819 dis-

835 2874 864 2923 3
891 2856 1099 2944 ponit,
1131 2855 1377 2942 partim
1414 2856 1713 2942 equitum
1745 2856 2071 2943 proelium
2108 2841 2489 2926 committit.
2579 2856 2910 2946 Confligit

890 2961 1208 3028 audacius
1256 2961 1596 3047 equitatus
1645 2958 1934 3027 hostium
1984 2961 2489 3028 succedentibus
2540 2962 2667 3028 sibi
2719 2963 2910 3049 pedi·
2936 2978 3002 3026 25

893 3066 1090 3149 tibus,
1143 3066 1257 3152 qui
1319 3070 1462 3131 toto
1521 3065 1786 3153 agmine
1854 3065 2291 3133 subsistentes
2361 3066 2697 3153 equitibus
2764 3067 2911 3134 suis

837 3180 864 3230 4
891 3173 1124 3237 contra
1173 3174 1434 3236 nostros
1483 3169 1715 3235 ferunt
1772 3170 2120 3237 auxilium.
2215 3170 2328 3236 Fit
2385 3170 2710 3259 proelium
2765 3173 2907 3238 acri

890 3275 1271 3345 certamine.
1360 3274 1669 3361 Namque
1721 3274 1932 3341 nostri
1985 3274 2386 3362 contemptis
2435 3274 2650 3364 pridie
2708 3297 2911 3363 supe-

891 3379 1245 3468 ratis[que]
1294 3379 1616 3457 hostibus,
1650 3401 1801 3445 cum
1855 3378 2167 3465 subsequi
2217 3379 2513 3468 legiones
2566 3380 2909 3447 meminis-

892 3489 1057 3561 sent,
1080 3489 1150 3551 et
1177 3484 1428 3572 pudore
1458 3483 1734 3550 cedendi
1766 3487 1835 3549 et
1863 3483 2230 3571 cupiditate
2266 3506 2385 3571 per
2413 3506 2484 3551 se
2513 3484 2908 3552 conficiendi
2937 3506 3000 3556 30

837 3607 867 3659 5
892 3588 1124 3675 proelii
1157 3588 1515 3654 fortissime
1543 3592 1777 3654 contra
1804 3587 2061 3675 pedites
2088 3588 2519 3676 proeliantur,
2550 3588 2910 3677 hostesque

964 3731 1064 3792 27,
1099 3726 1129 3801 ξ
1168 3729 1218 3783 2.
1250 3734 1432 3799 ponte.
1509 3725 1835 3782 Dumnacus
1872 3726 2097 3783 wanted
2138 3730 2198 3782 to
2240 3743 2441 3798 escape
2482 3727 2604 3783 into
2645 3725 2737 3782 his
2772 3745 2910 3785 own

893 3800 1362 3871 country,—that
1385 3797 1450 3855 of
1468 3799 1567 3855 the
1591 3798 1783 3854 Andes
1810 3798 1918 3870 (26,
1947 3797 1977 3871 ξ
2002 3797 2036 3851 2
2057 3817 2070 3864 ;
2108 3797 2243 3873 31,§
2269 3799 2327 3868 5)
2345 3819 2364 3854 .·
2375 3798 2692 3926 frobably,
2713 3798 2908 3858 there·

896 3873 1038 3936 fore,
1063 3872 1164 3927 the
1188 3870 1390 3942 bridge
1418 3887 1529 3926 was
1562 3874 1627 3926 at
1656 3869 1915 3937 Saumur,
1944 3867 2150 3936 which,
2176 3888 2238 3926 as
2272 3869 2347 3927 Μ.
2414 3869 2594 3927 ullian
2617 3889 2763 3942 says,
2787 3891 2908 3929 was

895 3963 930 3999 a
956 3962 1091 4012 very
1115 3941 1346 3999 ancient
1377 3941 1537 4014 place
1575 3944 1644 3998 of
1714 3959 1908 4014 assage
1947 3941 2061 3997 and
2099 3942 2200 3999 the
2237 3946 2461 3999 nearest
2497 3945 2559 3999 to
2585 3941 2908 4000 Lemonum

894 4015 1203 4085 (Poitiers).
1279 4014 1382 4069 See
1412 4014 1470 4068 0.
1488 4017 1568 4078 G„
1598 4032 1652 4083 p.
1716 4013 1802 4066 31.

965 4085 1072 4159 §4.
1105 4089 1436 4159 praecedere.
1511 4085 1718 4141 Caesar
1753 4103 1924 4141 never
1960 4103 2088 4140 uses
2112 4103 2185 4140 an
2211 4084 2397 4142 active
2435 4084 2720 4141 infinitive
2755 4086 2912 4143 after

894 4177 1118 4298 ’Μὲἓῖα
1132 4229 1182 4285 2.
1193 4156 2385 4312 {322331255225133F²103¹gssgatim,
2398 4228 2417 4299 (
2429 4230 2485 4285 c.
2505 4231 2581 4299 s„
2595 4246 2691 4300 pp.
2713 4230 2914 4303 177-8)

895 4301 1043 4368 that,
1065 4320 1096 4357 c
1124 4319 1284 4373 umsy
1311 4301 1532 4372 though
1555 4302 1670 4356 tius
1693 4318 2016 4373 expression
2035 4319 2129 4356 ma
2185 4300 2272 4371 be,
2294 4305 2342 4357 1t
2367 4319 2416 4357 is
2441 4318 2823 4370 unnecessary
2847 4307 2912 4358 to

895 4375 1072 4445 adopt
1089 4372 1459 4444 Nipperdey's
1484 4371 1824 4443 correction,
1835 4380 2013 4444 parte.
2074 4371 2117 4428 G
2146 4415 2158 4429 .
2178 4372 2268 4441 34,
2289 4371 2319 4445 ξ
2339 4371 2406 4438 3;
2434 4372 2522 4440 43,
2542 4371 2572 4446 ξ
2592 4373 2625 4429 3
2644 4392 2660 4439 ;
2689 4372 2781 4440 48,
2803 4372 2834 4446 ξ
2857 4375 2911 4430 ’7.
