3177 5166
778 301 1506 369 COMMENTARIUS
1553 302 1691 368 VII
2116 305 2240 367 281

233 465 581 532 Cenabum
635 488 801 553 pons
851 466 1147 533 fluminis
1192 466 1446 553 Ligeris
1498 465 1946 553 contingebat,
1991 464 2245 530 veritus

232 593 319 636 ne
379 575 579 638 noctu
641 593 725 636 ex
784 571 1029 659 oppido
1087 570 1541 658 profugerent,
1597 570 1764 636 duas
1822 568 2115 657 legiones
2172 569 2243 633 in

232 677 440 742 armis
469 676 796 743 excubare
825 675 1030 742 iubet.
1101 676 1521 744 Cenabenses
1549 674 1751 763 paulo
1779 678 1936 740 ante
1959 673 2243 739 mediam
2271 683 2299 738 7

234 785 495 847 noctem
564 780 832 847 silentio
900 803 985 846 ex
1043 781 1287 869 oppido
1345 780 1592 868 egressi
1649 781 1897 845 flumen
1961 777 2245 844 transire

174 903 206 950 5
233 890 612 972 coeperunt.
703 885 853 966 Qua
881 907 952 951 re
992 908 1111 973 per
1146 886 1600 973 exploratores
1639 884 1970 964 nuntiata,
2000 881 2246 949 Caesar
2271 899 2300 946 8

235 990 528 1077 legiones
572 1012 738 1076 quas
783 991 1129 1077 expeditas
1180 1011 1321 1056 esse
1372 990 1656 1056 iusserat
1700 989 1912 1076 portis
1962 987 2247 1054 incensis

233 1095 632 1161 intromittit
660 1100 862 1181 atque
892 1096 1136 1183 oppido
1164 1095 1439 1182 potitur,
1461 1095 1808 1182 perpaucis
1837 1116 1922 1158 ex
1952 1093 2244 1159 hostium

234 1221 513 1266 numero
586 1199 978 1266 desideratis
1052 1200 1213 1287 quin
1287 1199 1509 1265 cuncti
1582 1202 1993 1286 caperentur,
2068 1196 2244 1283 quod

232 1304 460 1390 pontis
509 1309 713 1390 atque
774 1304 1089 1371 itinerum
1144 1305 1494 1391 angustiae
1541 1301 1960 1370 multitudini
2014 1301 2244 1389 fugam

136 1429 208 1477 10
234 1406 765 1475 intercluserant.
852 1408 1186 1496 Oppidum
1220 1408 1456 1495 diripit
1484 1412 1687 1493 atque
1717 1406 2033 1486 incendit,
2054 1428 2243 1493 prae-
2271 1424 2300 1471 9

235 1512 391 1577 dam
465 1511 792 1578 militibus
865 1512 1089 1594 donat,
1147 1513 1513 1580 exercitum
1584 1511 1877 1600 Ligerim
1953 1510 2247 1577 traducit

232 1621 437 1702 atque
482 1616 554 1682 in
599 1617 983 1706 Biturigum
1026 1618 1194 1684 fines
1238 1618 1564 1706 pervenit.

321 1720 845 1808 Vercingetorix,
889 1722 1005 1787 ubi
1065 1722 1147 1788 de
1200 1721 1505 1790 Caesaris
1562 1721 1860 1788 adventu
1912 1719 2245 1807 cognovit,
2275 1724 2367 1780 12
2387 1721 2496 1772 and
2521 1736 2641 1785 ⁶¹¹1>-

232 1826 733 1913 oppugnatione
778 1825 1043 1892 desistit
1095 1832 1295 1913 atque
1341 1827 1608 1893 obviam
1664 1825 1933 1893 Caesari
1985 1824 2243 1912 profici·-

137 1955 205 2002 15
232 1929 462 1997 scitur.
554 1929 676 1996 Ille
715 1931 1033 2019 oppidum
1076 1932 1458 2020 Biturigum
1503 1932 1797 2020 positum
1837 1931 1910 1996 in
1950 1931 2062 1996 via
2102 1928 2241 1995 No·
2270 1940 2300 1988 2

234 2033 602 2099 viodunum
675 2056 1063 2124 oppugnare
1136 2036 1539 2102 instituerat.
1630 2036 1780 2117 Quo
1852 2057 1938 2101 ex
2001 2034 2245 2122 oppido
2271 2054 2300 2102 3

234 2159 385 2202 cum
416 2138 623 2226 legati
652 2139 737 2205 ad
770 2161 921 2204 eum
946 2139 1285 2206 venissent
1313 2144 1576 2205 oratum
1608 2143 1689 2204 ut
1717 2139 1845 2205 sibi
1875 2139 2248 2226 ignosceret

235 2265 524 2331 suaeque
576 2246 759 2313 vitae
817 2246 1204 2325 consuleret,
1249 2252 1329 2313 ut
1388 2245 1726 2313 celeritate
1789 2246 2080 2332 reliquas
2142 2267 2245 2311 res

233 2349 603 2429 conficeret,
627 2372 760 2437 qua
788 2352 1101 2438 pleraque
1130 2356 1277 2418 erat
1298 2356 1708 2433 consecutus,
1725 2373 1911 2416 arma
1940 2350 2246 2428 conferri,

136 2479 206 2527 20
234 2475 440 2538 equos
468 2455 763 2541 produci,
792 2456 1055 2523 obsides
1084 2456 1229 2521 dari
1261 2456 1465 2523 iubet.
1541 2457 1741 2523 Parte
1776 2457 1910 2521 iam
1941 2455 2243 2522 obsidum
2272 2477 2301 2524 4

233 2557 504 2639 tradita,
546 2580 697 2626 cum
750 2558 1005 2648 reliqua
1056 2559 1705 2638 administrarentur,
1750 2559 2247 2627 centurionibus

233 2666 306 2727 et
345 2664 573 2750 paucis
613 2664 941 2731 militibus
976 2665 1393 2746 intromissis,
1427 2666 1543 2752 qui
1588 2688 1778 2731 arma
1821 2665 2247 2750 iumentaque

232 2767 719 2853 conquirerent,
748 2770 1088 2855 equitatus
1133 2770 1426 2835 hostium
1470 2770 1698 2856 procul
1745 2769 1927 2834 visus
1971 2773 2088 2844 est,
2131 2769 2244 2854 qui

232 2894 474 2958 agmen
547 2872 1115 2962 Vercingetorigis
1187 2878 1650 2940 antecesserat.
1761 2872 1973 2953 Quem
2047 2872 2245 2938 simul
2273 2889 2303 2937 ὅ

137 3003 204 3052 25
232 2980 438 3062 atque
489 2977 804 3064 oppidani
856 2981 1345 3066 conspexerunt
1396 2982 1599 3063 atque
1652 2977 1723 3042 in
1775 2999 1958 3063 spem
2010 2976 2246 3041 auxilii

233 3088 583 3160 venerunt,
603 3080 887 3148 clamore
910 3082 1174 3149 sublato
1199 3104 1386 3148 arma
1408 3102 1658 3168 capere,
1670 3085 1899 3168 portas
1921 3080 2244 3161 claudere,

232 3207 502 3251 murum
546 3185 873 3273 complere
916 3194 1290 3275 coeperunt.
1382 3185 1823 3253 Centuriones
1869 3185 1941 3250 in
1985 3185 2247 3272 oppido,
2272 3211 2302 3257 e

230 3312 386 3356 cum
436 3311 520 3355 ex
578 3290 1064 3377 significatione
1117 3290 1462 3357 Gallorum
1514 3291 1674 3356 novi
1724 3288 1978 3376 aliquid
2030 3289 2117 3355 ab
2163 3289 2247 3354 iis

232 3393 392 3459 iniri
458 3394 715 3461 consilii
775 3395 1279 3477 intellexissent,
1324 3394 1568 3483 gladiis
1629 3395 1962 3461 destrictis
2019 3398 2247 3481 portas

139 3529 205 3577 30
233 3504 729 3585 occupaverunt
772 3521 1055 3586 suosque
1097 3521 1325 3566 omnes
1369 3500 1729 3566 incolumes
1773 3503 2183 3587 receperunt.

2387 1793 2539 1838 tures

2387 1856 2582 1907 Novio-

2387 1923 2613 1984 dunum,

323 3603 571 3670 Caesar
640 3627 725 3671 ex
797 3605 1034 3671 castris
1100 3605 1474 3691 equitatum
1551 3606 1740 3671 educi
1811 3605 2000 3672 iubet
2062 3626 2247 3692 proe-
2276 3619 2370 3676 13
2389 3618 2577 3668 which

232 3709 531 3794 liumque
584 3717 889 3796 equestre
949 3710 1344 3792 committit3
1402 3710 1861 3776 laborantibus
1921 3711 2055 3775 iam
2107 3708 2245 3773 suis

230 3866 364 3918 usui
384 3866 495 3918 sint
519 3867 751 3935 imperat
774 3864 823 3921 is
847 3864 1178 3936 equivalent
1199 3868 1259 3921 to
1283 3882 1520 3937 quaeque
1544 3868 1672 3920 usui
1702 3869 1818 3920 sint
1847 3867 2057 3920 indicat
2085 3883 2249 3937 eaque

230 3942 828 4078 2mgesszo{inploratum-9.
903 4008 1007 4065 See
1033 4007 1132 4065 the
1157 4008 1282 4063 first
1305 4010 1442 4064 note
1470 4026 1542 4064 on
1570 4008 1608 4075 i,
1638 4011 1718 4077 12,
1749 4006 1780 4082 ξ
1806 4008 1857 4063 2.

303 4081 582 4148 expeditas
606 4079 743 4136 here
769 4096 966 4135 means
991 4083 1006 4110 ‘
1027 4080 1198 4150 ready
1224 4079 1315 4133 for
1337 4079 1530 4136 action
1550 4081 1579 4136 ⁹.

301 4151 756 4292 {mmm—the
806 4169 1027 4209 narrow
1080 4153 1282 4207 streete
1331 4153 1397 4208 of
1445 4151 1735 4208 Cenabum
1789 4152 1876 4221 (C.
1900 4152 1982 4217 G„
2035 4168 2089 4220 p.
2145 4149 2246 4204 138

230 4238 453 4421 811ῧᾷῗέ
469 4264 532 4350 6..
545 4297 1053 4421 fiffiffiwtivn22-‘
1067 4294 1379 4353 behaviour
1395 4295 1428 4350 ’.
1480 4294 1730 4365 Perhaps
1743 4311 1856 4364 you
1873 4310 1982 4349 can
1997 4291 2168 4348 think
2188 4290 2255 4347 os

232 4383 268 4421 a
451 4383 481 4420 r
503 4382 589 4420 wo
663 4405 676 4421 .

2387 3685 2611 3735 Vercin-

2389 3752 2599 3813 getorix
