3177 5166
737 349 1470 417 COMMENTARIUS
1519 351 1691 417 VIII
2097 353 2225 418 373

209 517 474 596 gerunt,
512 535 634 580 nee
674 513 860 600 prius
899 516 1098 580 finem
1140 515 1341 602 fugae
1384 516 1703 594 fecerunt,
1734 538 1928 602 saepe
1969 515 2227 581 amissis
2255 530 2285 577 3

212 618 663 703 superioribus
723 618 900 697 lociS,
949 642 1147 705 quam
1208 643 1279 686 se
1345 625 1467 687 aut
1536 620 1610 684 in
1678 626 1898 687 castra
1956 641 2226 688 suorum

212 722 582 809 reciperent
632 727 753 789 aut
803 747 937 790 non
988 725 1157 791 nulli
1203 726 1453 812 pudore
1505 725 1715 792 coacti
1760 725 2025 812 longius
2075 747 2228 812 pro-

212 825 543 914 fugerent.
633 829 930 909 Quorum
992 830 1283 916 periculo
1342 832 1435 898 sic
1494 854 1723 898 omnes
1781 831 2008 918 copiae
2068 835 2228 897 sunt
2254 843 2282 891 4

139 949 175 997 5
209 933 640 1016 perturbatae
699 938 778 999 ut
836 937 957 1000 vix
1016 934 1295 1001 iudicari
1354 940 1579 1022 posset
1635 940 1863 1002 utrum
1923 935 2227 1002 secundis

210 1035 509 1102 minimis
546 1039 742 1104 rebus
781 1038 1243 1106 insolentiores
1282 1062 1370 1105 an
1407 1040 1689 1108 adverso
1729 1040 2041 1107 mediocri
2071 1062 2228 1108 casu

210 1142 583 1210 timidiores
615 1148 851 1209 essent.

303 1248 773 1335 Compluribus
817 1249 1050 1315 diebus
1089 1250 1299 1316 isdem
1336 1250 1489 1336 (in)
1523 1251 1761 1318 castris
1800 1250 2227 1336 consumptis,
2257 1256 2355 1313 14

210 1375 364 1419 cum
438 1355 710 1441 propius
784 1355 1129 1422 accessisse
1196 1355 1487 1443 legiones
1561 1361 1630 1423 et
1689 1356 1764 1425 O.
1826 1357 2228 1423 Trebonium

103 1476 180 1522 10
212 1460 509 1548 legatum
560 1461 1043 1547 cognovissent,
1084 1461 1284 1529 duces
1336 1462 1836 1529 Bellovacorum
1890 1462 2089 1528 veriti
2142 1462 2228 1528 si-

215 1565 441 1630 milem
486 1565 930 1632 obsessionem
960 1565 1225 1631 Alesiae
1270 1571 1472 1633 noctu
1518 1567 1875 1633 dimittunt
1910 1582 2020 1632 eos
2063 1588 2229 1652 quos

212 1673 334 1734 aut
356 1672 578 1736 aetate
600 1673 722 1735 aut
744 1670 1001 1736 viribus
1023 1669 1374 1736 inferiores
1402 1674 1523 1735 aut
1551 1670 1837 1737 inermes
1873 1671 2230 1753 habebant,

212 1796 478 1861 unaque
513 1771 828 1866 [reliqua]
862 1775 1357 1861 impedimenta.
1433 1775 1731 1855 Quorum
1762 1775 2227 1862 perturbatum
2256 1787 2286 1835 2

213 1885 283 1945 et
348 1878 700 1945 confusum
770 1880 931 1945 dum
1001 1880 1340 1966 explicant
1407 1903 1982 1968 agmen—magna
2051 1881 2228 1946 enim

109 2000 181 2048 15
212 1984 580 2051 multitudo
652 2007 991 2052 carrorum
1059 1986 1262 2052 etiam
1331 1985 1679 2071 expeditos
1755 1986 1940 2072 sequi
2004 1985 2229 2052 Gallos

213 2090 962 2177 consuevit‚—oppressi
1009 2090 1153 2157 luce
1197 2091 1420 2176 copias
1464 2095 1874 2157 armatorum
1922 2112 2043 2177 pro
2089 2091 2229 2156 suis

215 2195 563 2260 instruunt
619 2194 872 2272 castriS,
925 2217 1009 2260 ne
1070 2194 1254 2281 prius
1304 2194 1587 2261 Romani
1648 2195 1955 2283 persequi
2006 2217 2077 2260 se
2128 2194 2227 2259 in-

214 2300 512 2386 ciperent
534 2321 734 2386 quam
759 2299 1023 2387 longius
1044 2322 1283 2386 agmen
1307 2300 1934 2386 impedimentorum
1957 2321 2224 2366 suorum

217 2405 658 2491 processisset.
748 2406 843 2471 At
874 2403 1121 2471 Caesar
1155 2427 1368 2492 neque
1407 2405 1793 2472 resistentes
1828 2405 2226 2492 adgrediun-
2258 2411 2288 2460 3

111 2525 185 2572 20
216 2511 336 2576 dos
379 2516 573 2577 tanto
612 2511 798 2577 collis
843 2532 1118 2577 ascensu
1171 2510 1510 2577 iudicabat
1560 2532 1775 2598 neque
1834 2532 1967 2576 non
2021 2532 2228 2598 usque

216 2639 293 2682 eo
339 2616 629 2704 legiones
672 2618 1120 2683 admovendas
1165 2625 1244 2682 ut
1279 2617 1611 2683 discedere
1650 2639 1734 2682 ex
1780 2639 1857 2683 eo
1900 2617 2042 2683 loco
2086 2619 2230 2683 sine

215 2721 507 2807 periculo
566 2722 833 2787 barbari
892 2721 1220 2787 militibus
1278 2722 1688 2787 instantibus
1746 2744 1880 2788 non
1941 2727 2227 2808 possent.

215 2828 345 2908 Ita,
389 2849 540 2893 eum
616 2827 858 2913 palude
924 2826 1247 2913 impedita
1319 2849 1361 2892 a
1427 2828 1663 2893 castris
1738 2830 1957 2892 eastra
2017 2827 2228 2892 dividi
2259 2835 2288 2882 4

217 2932 496 3011 videret,
540 2954 707 3018 quae
754 2931 1142 2998 transeundi
1188 2931 1543 2997 difficultas
1597 2931 2003 2998 celeritatem
2060 2931 2229 2997 inse-

113 3058 184 3106 25
215 3037 460 3124 quendi
523 3038 790 3103 tardare
850 3040 1087 3124 posset,
1131 3040 1334 3123 atque
1393 3036 1462 3100 id
1517 3036 1771 3124 iugum,
1815 3037 1993 3123 quod
2047 3042 2232 3103 trans

216 3142 526 3230 paludem
557 3164 765 3228 paene
796 3143 882 3208 ad
913 3142 1208 3209 hostium
1238 3146 1459 3208 castra
1501 3141 1886 3229 pertineret,
1918 3143 2230 3209 mediocri

218 3248 392 3313 valle
465 3270 507 3312 a
578 3247 813 3314 castris
887 3268 1114 3313 eorum
1188 3246 1574 3312 intercisum
1648 3246 2230 3328 animadverteret,

214 3353 533 3439 pontibus
572 3351 813 3438 palude
854 3355 1193 3417 constrata
1234 3349 1525 3436 legiones
1567 3351 1863 3417 traducit
1904 3351 2231 3419 celeriter—

214 3505 418 3651 26§§3{3
434 3509 602 3577 prius
636 3546 649 3562 .
690 3545 705 3561 .
748 3546 761 3560 .
805 3524 970 3577 quam
1010 3546 1023 3559 .
1062 3545 1076 3560 .
1118 3547 1132 3563 .
1170 3508 1477 3575 mciperent.
1560 3501 1663 3561 See
1709 3504 1808 3561 the
1852 3509 1987 3563 note
2031 3524 2104 3562 on
2150 3505 2230 3574 iii,

283 3653 507 3720 pudore.
580 3650 751 3706 Gertz
788 3666 1052 3720 proposes
1082 3667 1293 3720 pavore,
1324 3648 1570 3721 perhaps
1609 3647 1862 3720 rightly3
1905 3650 2009 3706 but
2042 3649 2231 3719 might

218 3727 320 3778 not
344 3722 538 3779 shame
572 3724 715 3778 have
755 3722 919 3778 made
952 3722 1114 3778 these
1148 3720 1417 3793 fugitives
1453 3721 1753 3791 unwilling
1778 3726 1838 3777 to
1873 3721 2027 3778 show
2052 3722 2233 3777 them-

214 3795 392 3851 selves
416 3794 477 3849 in
503 3812 670 3866 camp
691 3795 722 3849 ἱ)

288 3865 318 3939 §
345 3869 397 3920 4.
438 3869 654 3923 adnm-so
680 3868 937 3921 mediocri
960 3885 1104 3922 casu.
1181 3865 1284 3922 See
1307 3865 1405 3920 the
1433 3866 1566 3920 note
1593 3882 1664 3922 ou
1694 3864 1730 3929 i,
1763 3864 1844 3930 18,
1868 3865 1897 3938 ξ
1926 3865 2008 3920 10.

287 3941 387 4004 14,
424 3937 454 4012 ξ
497 3940 544 3995 1.
582 3940 814 3993 similem
851 3940 1198 3995 obsessionem
1236 3940 1469 3993 Alesiae.
1541 3936 1750 3993 Caesar
1786 3955 1910 3992 uses
1945 3955 1980 3992 a
2014 3934 2235 3995 similar

219 4011 546 4066 condensed
571 4011 774 4081 phrase
800 4010 863 4065 in
892 4010 965 4078 vi,
988 4010 1079 4077 22,
1107 4008 1137 4083 ξ
1160 4010 1215 4064 4.

287 4086 497 4154 reliqua
535 4082 583 4138 is
620 4081 931 4139 bracketed
969 4100 1030 4138 as
1065 4080 1449 4152 meaningless
1481 4080 1556 4153 by
1581 4079 1820 4137 Nitsche
1848 4081 1934 4151 (Z.
1959 4080 2042 4145 G„
2074 4080 2231 4143 1894.

218 4172 274 4280 E.
304 4154 440 4239 778).
518 4155 573 4210 It
609 4154 658 4211 is
695 4153 973 4225 certainly
1000 4153 1345 4225 suspiciou23
1382 4154 1489 4209 but
1525 4171 1588 4209 as
1624 4153 1725 4209 the
1763 4150 2159 4222 interpolator,
2186 4150 2238 4206 if

259 4246 289 4283 e
330 4227 571 4295 existed,
596 4227 733 4284 used
771 4225 867 4282 the
906 4226 1059 4282 word
1098 4229 1480 4296 impedimenta
1519 4224 1581 4279 in
1620 4241 1693 4279 an
1732 4223 2016 4281 extended
2054 4241 2232 4293 sense,

219 4299 246 4353 I
272 4316 365 4354 am
392 4300 495 4354 not
520 4316 645 4356 sure
671 4298 804 4355 that
830 4297 1054 4353 Hirtius
1079 4297 1269 4368 might
1294 4300 1395 4354 not
1420 4297 1563 4352 have
1592 4296 1736 4352 done
1762 4313 1840 4352 so.

290 4370 320 4439 δ
345 4370 397 4426 2.
436 4374 729 4440 expeditos.
804 4369 909 4427 See
936 4370 1038 4425 the
1066 4373 1201 4425 note
1226 4386 1300 4424 on
1328 4368 1388 4434 ii,
1418 4368 1500 4434 19,
1530 4366 1560 4441 ξ
1586 4369 1639 4424 2.

289 4431 318 4515 ξ
343 4445 399 4498 4.
428 4446 691 4513 pontibus
716 4443 868 4507 here,
897 4459 961 4498 as
984 4442 1045 4497 in
1072 4441 1165 4510 vii,
1197 4442 1277 4507 19,
1306 4439 1336 4514 ξ
1362 4440 1414 4508 2,
1444 4457 1640 4496 means
1667 4445 1679 4469 ‘
1701 4457 2021 4510 causeways
2043 4443 2075 4498 ’-
