3177 5166
945 344 1071 408 148
1505 341 1629 406 DE
1674 339 1960 407 BELLO
2006 337 2399 406 GALLICO

942 510 1038 583 ut,
1061 507 1118 571 si
1148 505 1459 571 arborum
1490 504 1711 570 trunci
1742 503 1886 568 sive
1916 523 2123 567 naves
2146 499 2470 566 deiciendi
2501 499 2721 585 operis
2749 520 2954 565 causa

943 613 1162 676 essent
1226 633 1267 675 a
1328 606 1631 674 barbaris
1700 607 1957 686 missae,
2019 605 2127 672 his
2191 603 2651 670 defensoribus
2720 625 2950 669 earum

943 737 1165 780 rerum
1197 714 1300 780 vis
1329 714 1744 779 minueretur
1772 734 1903 777 neu
1933 710 2125 798 ponti
2156 713 2485 777 nocerent.

510 847 712 882 crossen
822 833 917 888 18
1032 818 1284 884 Diebus
1328 817 1410 895 X,
1448 817 1691 903 quibus
1736 815 2020 882 materia
2062 817 2297 901 coepta
2339 817 2487 879 erat
2529 811 2952 898 comportari,

510 899 607 948 the
631 900 791 960 river,

943 1030 1298 1111 utramque
1359 1028 1619 1112 partem
1679 1025 1904 1111 pontis
1962 1025 2156 1089 firmo
2214 1022 2545 1109 praesidio
2598 1020 2829 1086 relicto
2880 1020 2953 1083 in

888 1145 917 1192 3
944 1132 1109 1196 fines
1127 1129 1652 1216 Sugambrorum
1681 1128 2043 1194 contendit.
2134 1125 2414 1192 Interim
2435 1147 2476 1191 a
2503 1123 2956 1212 compluribus

944 1233 1336 1300 civitatibus
1395 1233 1477 1298 ad
1541 1255 1693 1298 eum
1754 1232 1960 1320 legati
2023 1232 2345 1309 veniunt3
2420 1229 2662 1315 quibus
2722 1249 2951 1314 pacem

945 1344 1147 1424 atque
1235 1337 1599 1404 amicitiam
1684 1336 2068 1423 petentibus
2157 1333 2522 1401 liberaliter
2598 1332 2957 1419 respondet

891 1468 918 1514 4
944 1441 1335 1527 obsidesque
1378 1441 1464 1506 ad
1509 1462 1578 1506 se
1623 1440 1865 1507 adduci
1908 1439 2112 1506 iubet.
2203 1439 2298 1504 At
2342 1438 2719 1526 Sugambri,
2746 1459 2831 1502 ex
2875 1458 2956 1502 eo
2984 1455 3049 1503 10

946 1551 1242 1632 tempore
1265 1567 1397 1631 quo
1426 1566 1594 1631 pons
1622 1544 1889 1610 institui
1917 1547 2192 1630 coeptus
2221 1547 2326 1609 est
2355 1541 2524 1630 fuga
2551 1546 2955 1629 comparata,

947 1649 1372 1715 hortantibus
1420 1649 1502 1713 iis
1554 1670 1721 1734 quos
1779 1670 1865 1714 ex
1912 1647 2252 1714 Tencteris
2301 1650 2504 1733 atque
2562 1644 2958 1733 Usipetibus

947 1753 1125 1840 apud
1184 1774 1254 1818 se
1314 1751 1673 1831 habebant,
1725 1752 1970 1817 finibus
2029 1751 2168 1817 suis
2227 1754 2646 1817 excesserant
2702 1771 2958 1835 suaque

947 1856 1172 1922 omnia
1218 1860 1740 1942 exportaverant
1761 1857 1987 1942 'seque
2033 1856 2104 1919 in
2150 1854 2578 1921 solitudinem
2629 1875 2705 1922 ac
2752 1854 2960 1920 silvas

947 1960 1362 2026 abdiderant.
2986 1978 3050 2026 15
3151 1965 3154 1978 ¹

886 940 917 987 2
944 923 1125 988 omni
1177 944 1372 1008 opere
1421 922 1653 988 effecto
1705 920 2038 987 exercitus
2085 918 2478 985 traducitur.
2567 915 2815 984 Caesar
2865 914 2951 980 ad
2979 932 3010 979 5
3146 839 3155 1348 ⁴

514 2086 774 2149 punishes
827 2086 921 2144 19
1035 2062 1282 2131 Caesar
1310 2085 1555 2151 paucos
1585 2063 1727 2130 dies
1757 2063 1828 2128 in
1859 2085 2086 2129 eorum
2116 2063 2363 2129 finibus
2400 2066 2714 2143 moratuS,
2746 2062 2959 2127 omni-

514 2154 613 2202 the

516 2218 821 2282 Sugambri,

950 2167 1074 2232 bus
1107 2168 1273 2234 vicis
1319 2167 1766 2253 aedificiisque
1811 2166 2096 2234 incensis
2139 2166 2626 2253 frumentisque
2670 2166 2962 2245 succisis,

949 2294 1019 2337 se
1049 2272 1121 2335 in
1156 2272 1322 2337 fines
1351 2272 1683 2338 Ubiorum
1715 2272 1964 2358 recepit
2000 2275 2201 2358 atque
2237 2271 2344 2337 his
2389 2271 2716 2337 auxilium
2760 2291 2958 2336 suum

948 2375 1304 2462 pollicitus,
1356 2376 1413 2441 si
1462 2398 1503 2442 a
1550 2375 1790 2442 Suebis
1844 2380 2323 2463 premerentur,
2368 2375 2532 2442 haec
2585 2375 2669 2441 ab
2722 2374 2807 2439 iis
2849 2394 2957 2440 co-

893 2499 922 2545 2
949 2481 1227 2566 gnovit:
1273 2480 1545 2557 Suebos),
1564 2485 1795 2566 postea
1825 2501 2025 2564 quam
2057 2501 2177 2567 per
2206 2479 2659 2568 exploratores
2681 2481 2957 2566 pontem
2991 2499 3058 2547 20

951 2585 1095 2650 fieri
1125 2585 1619 2673 comperissent,
1648 2606 1830 2650 more
1851 2606 1974 2650 suo
2002 2583 2280 2652 concilio
2309 2583 2542 2651 habito
2570 2582 2843 2649 nuntios
2886 2582 2960 2646 in

951 2711 1178 2754 omnes
1229 2694 1454 2776 partes
1506 2687 1851 2765 dimisisse,
1895 2688 1999 2753 uti
2044 2688 2127 2754 de
2170 2688 2436 2776 oppidis
2479 2687 2959 2775 demigrarent,

952 2791 1210 2870 liberos,
1269 2814 1512 2858 uxores
1570 2813 1820 2877 suaque
1886 2791 2111 2857 omnia
2168 2791 2240 2856 in
2300 2791 2491 2857 silvis
2550 2790 2962 2878 deponerent

951 2903 1152 2981 atque
1182 2918 1409 2962 omnes
1448 2896 1563 2983 qui
1610 2917 1796 2961 arma
1838 2894 2015 2961 ferre
2058 2899 2329 2982 possent
2373 2917 2582 2961 unum
2627 2896 2699 2959 in
2743 2894 2962 2961 locum

895 3022 924 3069 3
951 2999 1401 3066 convenirent.
1524 2999 1725 3065 Hunc
1810 3021 1950 3064 esse
2034 2998 2361 3065 delectum
2443 2998 2736 3064 medium
2820 2997 2964 3063 fere
2991 3022 3059 3071 25

952 3104 1299 3191 regionum
1330 3125 1558 3169 earum
1582 3125 1749 3189 quas
1780 3102 1986 3169 Suebi
2025 3103 2408 3170 obtinerent
2434 3129 2451 3183 ;
2494 3103 2604 3171 hic
2633 3103 2966 3169 Romano-

952 3230 1100 3273 rum
1146 3207 1510 3272 adventum
1556 3211 1909 3292 expectare
1958 3210 2158 3293 atque
2203 3207 2299 3271 ibi
2343 3206 2680 3273 decertare
2723 3207 2968 3273 consti-

898 3326 925 3372 4
954 3311 1176 3377 tuisse.
1268 3310 1461 3391 Quod
1504 3310 1622 3376 ubi
1654 3309 1905 3377 Caesar
1943 3310 2281 3399 comperit,
2314 3311 2623 3377 omnibus
2654 3311 2736 3377 iis
2765 3311 2966 3377 rebus
3147 3350 3155 3755 ι

953 3465 1124 3535 truse)
1151 3482 1297 3521 were
1331 3463 1617 3521 doubtless
1649 3465 1933 3547 arranged
1964 3463 2027 3518 in
2051 3464 2341 3536 v-shaped
2372 3483 2600 3537 groups.
2670 3465 2697 3520 I
2723 3483 2816 3521 am
2841 3465 2969 3521 told
3007 3486 3018 3493 ·

952 3538 1084 3592 that
1103 3536 1328 3607 bridges
1348 3534 1409 3590 in
1424 3537 1666 3607 Norway
1682 3554 1778 3592 are
1796 3535 2071 3606 similarly
2087 3537 2384 3607 protected
2398 3554 2525 3593 now
2540 3538 2630 3606 (0.
2645 3539 2730 3602 G„
2747 3555 2803 3607 p.
2820 3536 2969 3606 724).

1026 3612 1235 3664 missae.
1287 3607 1536 3679 Perhaps
1554 3606 1758 3663 Caesar
1774 3610 1951 3664 wrote
1972 3611 2247 3663 immissae
2267 3609 2357 3679 (Z.
2377 3610 2458 3675 G„
2478 3608 2632 3674 1878,
2657 3626 2751 3679 pp.
2769 3609 2968 3677 175-6,

954 3680 1095 3736 with
1120 3678 1310 3734 which
1336 3679 1410 3735 cf.
1434 3682 1499 3736 L.
1521 3681 1596 3745 0.,
1624 3679 1683 3744 ii,
1711 3680 1869 3744 54-5‚
1897 3679 2060 3749 624„
2098 3680 2205 3735 but
2230 3696 2320 3735 see
2344 3682 2411 3736 B.
2433 3682 2508 3746 0.,
2536 3678 2573 3745 i,
2599 3681 2687 3745 45,
2772 3680 2821 3735 6.

1026 3755 1113 3807 his
1145 3752 1515 3820 defensoribus
1547 3750 1596 3805 is
1630 3751 1935 3820 explained
1967 3751 2042 3820 by
2067 3749 2275 3806 Dinter
2308 3769 2371 3807 as
2404 3751 2653 3807 ablative
2689 3768 2725 3806 a
2764 3751 2969 3820 solute,

955 3822 1239 3893 although
1266 3823 1336 3877 he
1369 3821 1581 3878 admits
1610 3822 1738 3877 that
1767 3824 1854 3877 his
1879 3821 1927 3876 is
1959 3822 2293 3878 masculine.
2364 3822 2421 3876 Is
2451 3822 2616 3880 there
2650 3839 2762 3893 any
2786 3823 2972 3893 objec-

953 3895 1080 3950 tion
1105 3899 1165 3949 to
1200 3893 1509 3964 regarding
1539 3894 1640 3950 the
1664 3894 1848 3948 words
1879 3909 1942 3948 as
1976 3910 2050 3949 an
2082 3892 2491 3951 instrumenta-1
2517 3893 2972 3964 ablative,—⁴by

953 3967 1113 4022 these
1136 3963 1419 4020 bulwarks
1435 3965 1448 3987 '
1468 3968 1500 4020 *Ρ

1025 4041 1121 4106 18,
1157 4035 1188 4108 ξ
1226 4036 1277 4091 3.
1324 4040 1575 4092 Interim.
1646 4035 1770 4092 One
1812 4053 1933 4092 sees
1975 4035 2105 4108 why
2147 4035 2220 4092 Η.
2258 4035 2436 4092 Hartz
2474 4033 2769 4105 (Coniect.,
2807 4034 2972 4104 1886,

958 4128 1016 4181 p.
1042 4109 1097 4180 7)
1164 4108 1399 4179 mposed
1424 4110 1486 4163 to
1520 4106 1830 4165 substitute
1854 4109 1928 4163 In
1953 4110 2180 4173 itinere;
2214 4108 2320 4164 but
2349 4125 2478 4178 may
2507 4111 2610 4163 not
2632 4110 2864 4163 Interim
2894 4108 2972 4164 be
3153 4124 3154 4161 ;

958 4179 1121 4252 paral
1147 4178 1275 4235 eled
1297 4178 1374 4250 by
1395 4179 1493 4244 vii,
1522 4181 1609 4248 79,
1636 4177 1667 4250 ξ
1697 4179 1723 4232 1
1744 4181 1776 4233 *Ρ
3153 4180 3154 4193 ’

1027 4249 1172 4322 19,§
1198 4251 1252 4305 3.
1277 4252 1442 4306 Hunc
1465 4251 1515 4305 is
1536 4254 1641 4306 not
1664 4251 1765 4307 the
1790 4250 2026 4321 subject,
2054 4250 2161 4306 but
2184 4249 2285 4306 the
2310 4248 2619 4320 predicate,
2638 4248 2756 4304 and
2776 4267 2975 4306 means

958 4329 971 4353 ‘
990 4341 1053 4379 as
1095 4322 1213 4377 this
1229 4325 1262 4392 ',
1307 4323 1440 4378 that
1481 4322 1547 4389 is,
1595 4326 1683 4378 ‘to
1734 4339 1892 4378 serve
1939 4338 2003 4377 as
2045 4322 2145 4379 the
2195 4320 2360 4392 place
2411 4322 2477 4377 of
2513 4324 2757 4377 muster.'
2845 4321 2972 4377 The

956 4394 1179 4465 subject
1214 4392 1264 4449 is
1297 4397 1471 4451 locum
1507 4392 1869 4449 understood.
