3177 5166
861 334 1597 403 COMMENTARIUS
1642 334 1738 400 VI
2175 335 2304 399 233

292 497 754 583 exercitusque
803 497 1110 565 fortunas
1167 499 1239 565 in
1296 495 1575 565 dubium
1636 519 1772 574 non
1828 496 2305 563 devocaturum

295 602 364 665 et
398 604 663 686 postero
702 601 810 668 die
846 603 1064 689 prima
1092 603 1236 670 luce
1278 609 1498 671 castra
1538 607 1894 669 moturum.
1984 600 2307 668 Celeriter
2331 610 2359 663 7

295 705 454 772 haec
506 705 591 770 ad
653 706 875 774 hostes
927 709 1343 791 deferuntur,
1389 714 1469 775 ut
1521 730 1606 773 ex
1667 729 1909 795 magno
1960 705 2302 771 Gallorum

293 810 593 897 equitum
652 833 928 879 numero
986 836 1121 880 non
1190 813 1408 879 nullos
1467 812 1739 878 Gallicis
1808 811 2003 877 rebus
2074 809 2303 875 favere

240 930 268 978 5
294 921 537 981 natura
595 918 889 1003 cogebat.
1002 917 1331 985 Labienus
1399 922 1592 983 nocte
1652 916 1942 982 tribunis
2011 915 2299 981 militum
2328 928 2358 976 s

291 1020 655 1107 primisque
707 1022 1053 1088 ordinibus
1104 1023 1482 1089 convocatis
1534 1022 1694 1108 quid
1754 1022 1856 1086 sui
1909 1022 2000 1086 sit
2044 1021 2302 1087 consilii

292 1125 605 1211 proponit
648 1130 732 1205 et,
778 1147 909 1212 quo
957 1125 1222 1193 facilius
1271 1127 1573 1194 hostibus
1624 1126 1883 1192 timoris
1930 1121 2045 1191 det
2090 1125 2302 1211 suspi-

289 1228 561 1306 cionem,
627 1230 875 1297 maiore
943 1232 1230 1320 strepitu
1304 1237 1374 1297 et
1439 1231 1736 1297 tumultu
1802 1251 2001 1316 quam
2071 1228 2300 1316 populi

291 1332 574 1399 Romani
636 1334 771 1400 fert
827 1337 1234 1403 consuetudo
1291 1342 1511 1403 castra
1568 1335 1819 1401 moveri
1881 1335 2083 1400 iubet.
2175 1335 2303 1399 His

197 1452 262 1501 10
290 1438 488 1503 rebus
523 1438 724 1526 fugae
767 1439 1051 1506 similem
1095 1439 1569 1527 profectionem
1616 1439 1830 1506 efficit.
1922 1439 2105 1505 Haec
2140 1460 2300 1524 quo-
2328 1452 2357 1498 9

290 1564 419 1628 que
450 1563 567 1629 per
587 1544 1038 1630 exploratores
1067 1550 1223 1612 ante
1254 1546 1464 1611 lucem
1490 1546 1560 1609 in
1585 1548 1780 1610 tanta
1801 1543 2300 1631 propinquitate

287 1649 654 1712 castrorum
686 1648 773 1713 ad
804 1648 1027 1716 hostes
1061 1649 1474 1716 deferuntur.

372 1750 506 1815 Vix
560 1774 797 1840 agmen
850 1755 1284 1821 novissimum
1336 1760 1531 1821 extra
1580 1754 1985 1822 munitiones
2044 1775 2297 1840 proces·
2328 1762 2373 1818 8

287 1862 484 1937 serat,
547 1879 696 1922 cum
767 1858 962 1936 Galli,
1025 1860 1355 1925 cohortati
1426 1860 1604 1926 inter
1672 1882 1742 1925 se
1811 1881 1895 1924 ne
1964 1865 2297 1946 speratam

196 1976 259 2026 16
287 1961 600 2047 praedam
654 1984 739 2028 ex
786 1964 1093 2030 manibus
1144 1963 1921 2051 dimitterent—longum
1968 1986 2107 2030 esse
2151 1986 2298 2050 per-

288 2065 543 2133 territis
610 2068 927 2134 Romanis
987 2069 1469 2136 Germanorum
1529 2068 1858 2133 auxilium
1933 2077 2297 2155 expectare,

288 2193 500 2257 neque
565 2194 753 2237 suam
821 2174 962 2260 pati
1024 2174 1421 2261 dignitatem
1485 2178 1561 2239 ut
1624 2173 1835 2239 tantis
1892 2175 2098 2261 copiis
2158 2179 2296 2239 tam

287 2276 598 2361 exiguam
646 2299 917 2343 manum
972 2279 1364 2366 praesertim
1417 2278 1785 2366 fugientem
1838 2282 2041 2364 atque
2093 2279 2298 2365 impe-

286 2380 498 2446 ditam
534 2381 782 2447 adoriri
813 2405 947 2448 non
978 2383 1604 2449 audeant—flumen
1635 2382 1922 2449 transire
1959 2388 2027 2448 et
2066 2382 2297 2468 iniquo

193 2502 258 2550 20
286 2485 427 2550 loco
478 2486 887 2552 committere
939 2487 1261 2574 proelium
1316 2509 1448 2553 non
1494 2487 1827 2552 dubitant.
1922 2486 2107 2567 Quae
2153 2485 2296 2552 fore
2323 2498 2353 2545 2

285 2591 659 2678 suspicatus
711 2591 1062 2676 Labienus,
1109 2599 1187 2659 ut
1230 2615 1457 2658 omnes
1500 2594 1673 2658 citra
1717 2593 1963 2658 flumen
2009 2592 2294 2670 eliceret,

285 2695 514 2762 eadem
575 2718 736 2762 usus
794 2697 1217 2764 simulatione
1278 2697 1538 2764 itineris
1598 2696 1855 2784 placide
1919 2697 2295 2784 progredie-

286 2799 500 2865 batur.
589 2801 759 2866 Tum
804 2803 1184 2888 praemissis
1228 2804 1502 2890 paulum
1549 2802 2041 2888 impedimentis
2094 2809 2295 2887 atque
2322 2818 2352 2865 3

287 2903 355 2969 in
381 2905 639 2971 tumulo
663 2905 949 2992 quodam
972 2907 1345 2983 conlocatis,
1371 2906 1704 2985 ‘habetis',
1728 2906 1967 2991 inquit,
1994 2915 2008 2940 ‘
2029 2906 2293 2982 milites,

190 3027 255 3077 25
285 3031 482 3094 quam
515 3009 780 3096 petistis
816 3009 1239 3079 facultatem:
1285 3011 1543 3078 hostem
1579 3007 1897 3098 impedito
1938 3015 2139 3097 atque
2171 3010 2289 3075 ini-

285 3135 417 3198 quo
476 3114 617 3180 loco
676 3116 953 3197 tenetis3
1020 3121 1352 3203 praestate
1424 3116 1700 3181 eandem
1762 3115 1952 3181 nobis
2017 3114 2295 3182 ducibus
2323 3132 2348 3177 4

285 3216 605 3285 virtutem
638 3242 836 3305 quam
874 3243 1069 3307 saepe
1109 3243 1386 3288 numero
1425 3220 1813 3306 imperatori
1849 3219 2295 3306 praestitistis,

283 3327 485 3408 atque
526 3324 712 3389 illum
744 3325 972 3391 adesse
1014 3330 1082 3391 et
1122 3325 1283 3392 haec
1314 3348 1533 3391 coram
1566 3346 1832 3391 cernere
1872 3324 2291 3391 existimate?

285 3427 497 3492 Simul
528 3428 720 3516 signa
748 3430 832 3495 ad
874 3430 1131 3497 hostem
1162 3429 1461 3497 converti
1497 3429 1835 3515 aciemque
1865 3428 2078 3517 derigi
2109 3428 2294 3494 iubet
2320 3439 2350 3488 5

189 3550 255 3598 30
283 3537 351 3597 et
401 3532 629 3618 paucis
673 3534 913 3600 turmis
965 3535 1292 3622 praesidio
1344 3535 1429 3600 ad
1479 3533 1954 3619 impedimenta
2005 3534 2295 3600 dimissis

282 3636 570 3724 reliquos
616 3639 872 3725 equites
917 3639 1002 3704 ad
1057 3640 1268 3705 latera
1313 3639 1627 3725 disponit.
1715 3638 2038 3706 Celeriter
2080 3639 2292 3706 nostri
2318 3659 2348 3705 6

354 3825 385 3963 ἓ
414 3827 463 3881 7.
509 3829 791 3883 Gallorum
816 3831 1073 3901 equitum.
1148 3829 1251 3886 See
1277 3829 1378 3885 the
1406 3832 1540 3885 note
1565 3845 1641 3884 on
1667 3827 1703 3895 i,
1732 3829 1816 3894 23,
1849 3828 1879 3901 ξ
1906 3832 1958 3885 2.

411 3899 461 3954 8.
494 3902 799 3972 primisque
820 3902 1117 3956 ordinibus.
1192 3900 1295 3957 See
1321 3902 1421 3956 the
1445 3905 1580 3957 note
1607 3918 1679 3956 on
1708 3919 1757 3965 v,
1784 3901 1871 3969 30,
1899 3900 1929 3973 ξ
1960 3904 2006 3958 1.

413 3971 461 4025 9.
498 3973 876 4041 exploratores.
949 3971 1055 4028 See
1081 3972 1180 4027 the
1206 3973 1327 4027 first
1352 3975 1489 4028 note
1515 3990 1588 4027 on
1617 3971 1652 4042 i,
1685 3972 1766 4040 12,
1796 3971 1826 4044 ξ
1855 3974 1903 4027 2.

394 4083 412 4107 ,
442 4040 471 4113 ξ
508 4043 561 4097 4.
600 4046 757 4099 nobis
794 4045 1035 4110 ducibm,
1076 4061 1138 4099 as
1181 4045 1281 4100 the
1321 4043 1621 4116 following
1660 4047 1978 4115 imperatori
2014 4044 2209 4110 shows,
2246 4044 2294 4099 is

279 4112 490 4169 almost
514 4115 756 4170 certainl
821 4114 1026 4171 dative.

353 4184 445 4258 §5.
463 4189 725 4242 dimissis.
827 4187 978 4244 ense]
999 4187 1200 4257 adopts
1215 4205 1250 4243 a
1264 4186 1587 4257 conjecture
1606 4186 1665 4243 of
1677 4187 1768 4241 his
1786 4189 2198 4252 own,-mv'ssr's.
2240 4187 2300 4242 11·

279 4260 522 4314 dimissis
546 4257 593 4313 is
619 4258 795 4331 right,
813 4259 863 4315 it
889 4262 1041 4315 must
1066 4259 1138 4315 be
1154 4259 1482 4329 equivalent
1507 4264 1568 4315 to
1593 4262 1655 4313 in
1670 4262 1863 4330 plures
1880 4268 2069 4330 partes
2093 4262 2289 4327 missis,

280 4329 486 4396 which,
513 4329 788 4399 however,
806 4330 853 4387 is
877 4335 981 4388 not
1004 4330 1347 4402 impossible,
1365 4333 1456 4387 for
1482 4331 1581 4386 the
1601 4335 1793 4402 troops
1818 4331 1883 4388 of
1902 4330 2127 4401 cavalry
2141 4349 2290 4389 were

277 4401 555 4474 probably
579 4402 867 4461 stationed
891 4407 952 4460 at
975 4404 1195 4459 various
1217 4402 1427 4474 points.
