3177 5166
923 329 1054 392 376
1494 326 1615 392 DE
1661 325 1949 391 BELLO
1994 324 2386 392 GALLICO

868 511 898 559 3
924 493 1103 556 runt.
1193 488 1491 571 Quorum
1552 489 1850 557 adventu
1902 513 2052 557 cum
2112 490 2240 556 sibi
2295 490 2586 557 Correus
2646 490 2949 558 oblatam

922 593 1327 660 occasionem
1398 594 1495 660 rei
1563 595 1894 681 gerendae
1953 596 2387 677 existimaret,
2437 594 2736 682 primum
2796 616 2952 660 cum

922 697 1151 784 paucis
1179 720 1250 764 se
1285 698 1579 764 ostendit
1607 703 1811 785 atquc
1840 698 1911 764 in
1947 699 2287 786 proximas
2317 705 2577 765 turmas
2617 698 2950 785 impetum

866 811 895 859 4
923 801 1102 869 fecit.
1191 801 1427 869 Nostri
1469 807 1856 870 constanter
1894 803 2234 871 incursum
2279 804 2622 870 sustinent
2664 803 2948 869 insidia-

920 911 1143 974 torum
1215 930 1429 995 neque
1500 908 1727 996 plures
1791 908 1863 974 in
1933 931 2143 976 unum
2213 909 2429 976 locum
2495 908 2950 987 conveniunt3
2973 926 3004 974 5

921 1011 1098 1097 quod
1166 1012 1559 1100 plerumque
1630 1013 2050 1100 equestribus
2120 1013 2390 1101 proeliis
2447 1035 2601 1079 cum
2668 1019 2952 1100 propter

921 1115 1210 1202 aliquem
1268 1118 1576 1185 timorem
1636 1118 1899 1201 accidit,
1947 1124 2095 1186 tum
2156 1118 2594 1185 multitudine
2645 1119 2948 1205 ipsorum

919 1220 1395 1289 detrimentum
1439 1223 1785 1311 accipitur.

797 1335 893 1392 19
1006 1325 1179 1393 Cum
1223 1327 1564 1415 dispositis
1609 1328 1852 1394 turmis
1894 1328 1967 1394 in
2010 1328 2223 1395 vicem
2267 1328 2404 1394 rari
2449 1328 2951 1415 proeliarentur

918 1453 1132 1518 neque
1202 1432 1287 1498 ab
1360 1432 1685 1500 lateribus
1757 1433 2224 1501 circumveniri
2297 1455 2455 1500 suos
2526 1437 2946 1521 paterentur,
2973 1450 3032 1497 10

860 1558 891 1606 2
919 1542 1280 1625 erumpunt
1349 1538 1553 1604 ceteri
1625 1537 1870 1606 Correo
1938 1539 2308 1626 proeliante
2368 1561 2454 1604 ex
2522 1538 2738 1606 silvis,
2832 1539 2950 1604 Fit

917 1663 1163 1729 magna
1210 1644 1639 1710 contentione
1689 1644 2030 1711 diversum
2088 1643 2438 1732 proelium.
2529 1644 2728 1724 Quod
2787 1665 2947 1711 cum

917 1747 1173 1813 diutius
1196 1748 1344 1834 pari
1366 1747 1585 1814 Marte
1609 1748 1913 1830 iniretur,
1931 1748 2258 1836 paulatim
2282 1771 2366 1814 ex
2390 1748 2583 1815 silvis
2606 1749 2950 1816 instructa
3131 1833 3132 1836 Ἴ

917 1852 1282 1918 multitudo
1356 1853 1659 1941 procedit
1738 1853 2060 1940 peditum,
2120 1875 2292 1940 quae
2381 1858 2645 1919 nostros
2719 1854 2946 1941 coegit

916 1955 1143 2022 cedere
1213 1956 1486 2043 equites.
1603 1956 1862 2037 Quibus
1919 1957 2220 2023 celeriter
2281 1956 2699 2023 subveniunt
2767 1957 2946 2023 levis
2969 1972 3029 2021 15
3131 1951 3132 1964 ¹

916 2064 1293 2127 armaturae
1341 2060 1615 2147 pedites,
1662 2083 1826 2147 quos
1878 2066 2036 2127 ante
2086 2060 2381 2148 legiones
2432 2062 2667 2128 missos
2723 2062 2945 2141 docui,

914 2163 1282 2250 turmisque
1323 2169 1703 2231 nostrorum
1746 2164 2127 2252 interpositi
2169 2169 2560 2232 constanter
2603 2166 2946 2252 proelian-

858 2289 887 2336 3
913 2270 1044 2334 tur.
1141 2267 1488 2355 Pugnatur
1527 2267 1938 2355 aliquamdiu
1980 2267 2125 2355 pari
2170 2268 2624 2349 contentione3
2671 2269 2936 2349 deinde,

913 2375 991 2436 ut
1042 2372 1215 2438 ratio
1267 2372 1652 2458 postulabat
1702 2372 1952 2459 proelii,
2001 2373 2115 2458 qui
2167 2372 2632 2438 sustinuerant
2683 2373 2940 2459 primos

910 2474 1201 2572 impetus
1258 2475 1650 2542 insidiarum
1711 2477 1835 2543 hoc
1893 2476 2038 2563 ipso
2088 2476 2265 2541 fiunt
2321 2476 2698 2562 superiores
2757 2478 2940 2563 quod
2965 2496 3024 2543 20

912 2579 1170 2645 nullum
1196 2580 1283 2646 ab
1312 2581 1787 2647 insidiantibus
1816 2580 2273 2669 imprudentae
2302 2586 2700 2669 acceperant
2729 2581 2938 2647 detri-

856 2702 885 2750 4
913 2690 1231 2751 mentum.
1302 2686 1646 2752 Accedunt
1667 2686 1940 2773 propius
1961 2686 2228 2751 interim
2255 2685 2566 2773 legiones,
2585 2685 2941 2772 crebrique

911 2787 1139 2854 eodem
1178 2794 1472 2875 tempore
1500 2794 1568 2856 ct
1606 2790 1855 2856 nostris
1896 2796 1964 2855 et
1994 2789 2299 2856 hostibus
2345 2788 2570 2854 nuntii
2608 2789 2935 2855 adferun-

855 2915 884 2963 5
910 2899 1041 2971 tur,
1084 2894 1551 2980 imperatorem
1617 2895 1963 2960 instructis
2032 2895 2239 2981 copiis
2305 2894 2556 2963 adoese.
2648 2894 2804 2975 Qua
2863 2917 2938 2960 re

908 2997 1176 3084 cognita
1234 2999 1563 3084 pracsidio
1622 2998 1995 3065 cohortium
2056 2998 2285 3064 confisi
2340 2998 2553 3065 nostri
2609 2999 2936 3065 acerrime
2961 3018 3020 3066 25

907 3102 1340 3187 proeliantur,
1387 3125 1489 3181 ne,
1541 3103 1600 3168 si
1659 3102 1919 3169 tardius
1981 3125 2120 3168 rem
2179 3102 2559 3190 gessissent,
2607 3102 2936 3169 victoriae

905 3206 1184 3293 gloriam
1252 3207 1768 3274 communicasse
1837 3228 1987 3275 cum
2059 3207 2434 3295 legionibus
2499 3206 2934 3288 viderentur;

850 3330 879 3376 6
906 3311 1129 3379 hostes
1201 3312 1558 3379 concidunt
1627 3313 1868 3380 animis
1940 3316 2146 3399 atquc
2213 3312 2572 3379 itineribus
2641 3312 2933 3380 diversis

906 3414 1138 3502 fugam
1186 3422 1535 3502 quaerunt.
1626 3417 2090 3504 Nequiquam:
2151 3439 2310 3483 nam
2356 3417 2600 3503 quibus
2644 3417 2931 3485 difficul-

906 3520 1159 3584 tatibus
1203 3520 1496 3586 locorum
1538 3520 1872 3587 Romanos
1915 3521 2221 3587 claudere
2261 3522 2637 3603 voluerant,
2666 3522 2753 3588 iis
2800 3523 2927 3609 ipsi
2953 3541 3010 3587 3⁰

849 3647 875 3701 7
905 3625 1320 3690 tenebantur.
1415 3625 1588 3690 Victi
1642 3625 1910 3690 tandem
1964 3626 2378 3712 perculsique
2427 3626 2678 3692 maiore
2731 3634 2927 3713 parte

903 3728 1145 3793 amissa
1175 3750 1305 3813 quo
1338 3728 1476 3794 fors
1504 3728 1755 3794 tulerat
1784 3729 2189 3794 consternati
2232 3730 2634 3817 profugiunt
2673 3733 2923 3817 partim

971 3906 1069 3967 18.
1094 3900 1201 3986 §4-
1233 3904 1433 3970 pnleru
1526 3919 1553 3955 e
1585 3901 1771 3972 ought
1797 3901 1863 3957 of
1887 3917 2079 3957 course
2103 3905 2166 3957 to
2193 3902 2388 3958 follow
2414 3912 2566 3969 tum3
2609 3904 2725 3959 and
2757 3904 2923 3961 there

900 3971 1269 4057 accordingly
1296 3972 1365 4027 H.
1394 3973 1445 4029 J.
1535 3920 1701 4029 (lllcrg
1704 3972 1889 4029 would
1954 3972 2078 4029 lace
2110 3973 2177 4029 it.
2251 3973 2369 4029 But
2402 3975 2478 4058 by
2502 3975 2623 4031 this
2651 3975 2797 4031 time
2821 3977 2923 4031 the

901 4044 1144 4102 reader
1126 4063 1175 4099 is
1199 4044 1428 4127 getting
1453 4045 1815 4101 accustomed
1840 4048 1902 4101 to
1985 4044 2167 4102 irtius'
2172 4063 2198 4099 s
2222 4045 2665 4102 eccentricitics.

968 4135 1228 4262 {gg-“2²²⁸
1227 4115 1804 4275 ἑῐ-ι-ὲεξεαεοὲΐινΐρηῖἰαηι.
1878 4187 1981 4245 See
1999 4188 2099 4244 the
2119 4188 2326 4243 second
2351 4192 2488 4247 note
2513 4206 2591 4246 on
2615 4188 2678 4256 ii,
2700 4188 2787 4257 22,
2811 4188 2840 4263 ξ
2870 4190 2921 4247 1.

966 4265 1219 4329 iniretur,
1245 4276 1307 4315 as
1331 4262 1542 4315 diutius
1563 4259 1760 4329 shows,
1786 4258 1834 4314 is
1859 4259 1995 4315 used
2019 4260 2413 4331 inaccuratcly
2439 4262 2530 4318 for
2540 4266 2724 4330 fieret.

896 4331 1419 4474 n.§23{⁷18quotl'issl{‚1
1450 4329 2027 4474 nglitmniui‘tii'gfflnlg
2050 4280 2586 4461 ἰιυὲιυὲἔξέοῗῖἑὲ
2584 4330 2916 4476 ,Ξ2Ρξ220-ῗ-
