3177 5166
904 319 1032 382 222
1471 314 1595 380 DE
1640 314 1925 381 BELLO
1971 312 2366 381 GALLICO
3093 0 3143 447 w

470 500 662 549 Caesar
780 492 875 547 52
990 479 1285 566 Longius
1341 480 1650 567 prosequi
1702 480 1973 558 veritus,
2026 478 2204 564 quod
2253 478 2464 543 silvae
2513 476 2928 563 paludesque

469 565 675 681 {3⁴22}ss
904 584 1401 649 intercedebant
1429 586 1645 670 neque
1674 585 1878 650 etiam
1910 583 2192 671 parvulo
2220 582 2620 648 detrimento
2651 581 2928 646 illorum

902 688 1120 754 locum
1191 688 1475 773 relinqui
1536 688 1828 765 videbat,
1886 688 2196 754 omnibus
2267 686 2406 752 suis
2480 686 2931 752 incolumibus

847 816 878 863 2
904 792 1134 858 eodem
1164 792 1273 857 die
1312 792 1398 857 ad
1439 791 1823 858 Ciceronem
1864 792 2193 878 pervenit.
2283 791 2643 856 Institutas
2682 795 2930 865 turres,

907 897 1274 962 testudines
1339 896 1874 983 munitionesque
1933 897 2226 962 hostium
2285 895 2697 976 admiratur3
2773 917 2931 981 pro-
2959 916 2992 963 5

907 1000 1108 1067 dueta
1158 1001 1417 1088 legione
1469 1001 1805 1089 cognoscit
1852 1022 1984 1065 non
2033 1000 2362 1066 decimum
2409 1022 2737 1086 quemque
2786 1022 2936 1065 esse

853 1117 883 1164 3
909 1104 1238 1190 reliquum
1261 1105 1542 1171 militem
1574 1106 1717 1171 sine
1741 1106 2050 1186 vulnere;
2095 1126 2180 1170 ex
2209 1105 2314 1169 his
2336 1105 2642 1171 omnibus
2671 1104 2938 1170 iudicat
3141 1106 3142 1161 l

910 1211 1107 1276 rebus
1147 1214 1399 1295 quanto
1438 1233 1585 1276 cum
1627 1209 1918 1296 periculo
1960 1218 2028 1274 et
2065 1215 2320 1296 quanta
2353 1210 2608 1275 virtute
2646 1230 2749 1275 res
2787 1209 2936 1273 sint

854 1339 882 1385 4
910 1315 1436 1382 administratae.
1527 1315 1912 1382 Ciceronem
1950 1336 2071 1400 pro
2110 1314 2253 1380 eius
2292 1315 2529 1379 merito
2564 1312 2934 1400 legionem-

912 1444 1040 1507 que
1099 1419 1495 1499 conlaudat3
1570 1420 1989 1485 centuriones
2045 1417 2438 1506 singillatim
2492 1418 2936 1503 tribunosque
2963 1441 3029 1487 10

912 1524 1203 1589 militum
1262 1524 1573 1610 appellat,
1622 1546 1904 1609 quorum
1956 1522 2292 1610 egregiam
2345 1522 2549 1588 fuisse
2601 1522 2937 1588 virtutem

913 1627 1293 1695 testimonio
1339 1627 1678 1694 Ciceronis
1721 1626 2140 1715 cognoverat.
2235 1627 2336 1693 De
2378 1649 2533 1693 casu
2579 1627 2816 1693 Sabini
2861 1633 2938 1692 et

857 1746 888 1795 5
916 1733 1156 1800 Cottae
1184 1732 1431 1798 certius
1460 1755 1545 1797 ex
1576 1722 1862 1818 captivis
1890 1731 2245 1819 cognoscit.
2338 1730 2608 1798 Postero
2636 1732 2744 1797 die
2772 1753 2938 1797 con·

916 1838 1096 1904 tione
1142 1836 1374 1901 habita
1419 1858 1555 1902 rem
1599 1841 1856 1923 gestam
1901 1836 2230 1923 proponit,
2260 1836 2506 1902 milites
2549 1837 2940 1903 consolatur

859 1965 889 2012 6
916 1949 985 2008 et
1022 1942 1409 2020 confirmat3
1465 1940 1644 2026 quod
1687 1940 2164 2006 detrimentum
2208 1939 2407 2026 culpa
2444 1945 2514 2005 et
2554 1940 2938 2006 temeritate
2967 1963 3032 2011 15

916 2046 1121 2134 legati
1179 2046 1271 2110 sit
1329 2049 1691 2131 acceptum,
1744 2045 1868 2110 hoc
1926 2043 2235 2129 aequiore
2293 2044 2517 2109 animo
2570 2043 2937 2110 ferundum

917 2151 1126 2229 docet,
1159 2148 1336 2234 quod
1373 2148 1691 2215 beneficio
1732 2148 2005 2213 deorum
2048 2148 2527 2214 immortalium
2568 2153 2637 2215 et
2675 2149 2937 2214 virtute
3140 2076 3142 2205 l

918 2276 1147 2321 eorum
1206 2253 1475 2340 expiato
1536 2252 1951 2318 incommodo
2011 2273 2224 2339 neque
2295 2253 2598 2319 hostibus
2666 2254 2940 2320 diutina

917 2357 1178 2423 laetitia
1221 2379 1436 2442 neque
1481 2356 1645 2442 ipsis
1688 2356 1950 2444 longior
1992 2355 2182 2421 dolor
2223 2355 2660 2443 relinquatur.

486 2493 684 2541 nnme-
796 2485 892 2541 53
1006 2461 1287 2527 Interim
1330 2460 1415 2525 ad
1453 2459 1981 2547 Labienum‘per
2019 2459 2258 2526 Remos
2298 2461 2672 2527 incredibili
2705 2461 2938 2527 σωθῇ-
2967 2487 3039 2535 20

487 2560 633 2675 ἒὲῗξξ
649 2573 736 2673 ἔξ·
920 2570 1060 2632 tate
1106 2565 1188 2632 de
1233 2564 1515 2632 victoria
1559 2563 1864 2632 Caesaris
1908 2563 2093 2631 fama
2133 2565 2489 2653 perfertur,
2518 2571 2614 2647 ut,
2652 2589 2800 2633 cum
2847 2566 2941 2631 ab

486 2689 723 2821 εἰαροῶαᾶε
921 2671 1216 2737 hibernis
1261 2670 1599 2737 Ciceronis
1643 2671 1830 2736 milia
1874 2692 2190 2756 passuum
2234 2670 2497 2736 circiter
2523 2670 2644 2736 LX
2673 2670 2939 2737 abesset,

922 2799 1129 2863 eoque
1160 2780 1311 2863 post
1340 2774 1571 2840 horam
1603 2796 1848 2839 nonam
1880 2773 2011 2839 diei
2044 2773 2291 2840 Caesar
2319 2775 2746 2859 pervenisset,
2775 2780 2940 2841 ante

924 2881 1212 2946 mediam
1254 2883 1513 2946 noctem
1548 2879 1634 2944 ad
1675 2882 1904 2965 portas
1943 2885 2312 2944 castrorum
2348 2879 2597 2945 clamor
2629 2878 2943 2956 oriretur,

927 3008 1059 3072 quo
1116 2985 1400 3052 clamore
1458 2983 1861 3071 significatio
1919 2983 2238 3050 victoriae
2295 2984 2790 3071 gratulatioque
2851 2983 2944 3048 ab
2968 3003 3032 3051 25

869 3115 900 3162 2
930 3090 1154 3157 Remis
1190 3089 1482 3155 Labieno
1512 3089 1720 3153 fieret.
1809 3087 1956 3154 Hac
1988 3087 2173 3152 fama
2200 3087 2288 3153 ad
2327 3087 2648 3153 Treveros
2678 3087 2944 3174 perlata

1001 3307 1108 3370 52,
1135 3303 1165 3376 ξ
1196 3305 1242 3360 1.
1294 3322 1461 3375 neque
1484 3344 1498 3358 .
1525 3344 1539 3358 .
1568 3341 1581 3355 .
1608 3304 1834 3357 videbat.
1910 3300 2125 3357 Meusel
2172 3300 2392 3356 follows
2444 3300 2545 3356 Th.
2588 3299 2832 3368 Bentley
2875 3300 2944 3355 in

929 3375 1271 3447 bracketing
1307 3374 1469 3431 these
1504 3374 1706 3429 words.
1784 3373 1843 3427 If
1870 3373 2010 3443 they
2045 3389 2141 3428 are
2176 3372 2449 3445 genuine,
2483 3375 2647 3428 etiam
2682 3370 2732 3427 is
2766 3374 2828 3427 to
2867 3371 2943 3427 be

929 3448 1120 3514 taken,
1150 3446 1211 3501 in
1234 3447 1335 3502 the
1362 3464 1523 3502 sense
1551 3445 1617 3500 of
1635 3448 1728 3509 vel,
1753 3444 1892 3500 with
1911 3447 2161 3515 parvulo.

999 3522 1101 3586 53,
1122 3517 1151 3591 ξ
1182 3520 1230 3576 1.
1259 3537 1365 3588 per
1386 3521 1591 3573 Remos.
1665 3514 2184 3572 Deberem-Dinter
2205 3515 2337 3571 take
2363 3515 2522 3572 these
2546 3514 2728 3571 wo‘rds
2750 3514 2814 3569 in
2837 3513 2942 3570 the

928 3609 1089 3646 sense
1116 3591 1179 3646 of
1202 3609 1308 3661 per
1329 3593 1620 3646 Remorum
1630 3591 1795 3656 fine-9.
1868 3586 1895 3641 Ι
1922 3586 2138 3645 believe
2165 3588 2295 3643 that
2326 3588 2462 3657 they
2484 3604 2581 3644 are
2607 3584 2942 3670 equivalent

930 3668 990 3718 to
1015 3682 1051 3718 a
1076 3665 1259 3717 Remis
1283 3680 1349 3717 or
1372 3665 1665 3717 Remorum
1689 3678 1882 3731 operm
1920 3659 2034 3715 and
2071 3658 2100 3712 1
2138 3658 2254 3714 find
2290 3658 2423 3714 that
2459 3658 2782 3722 Schneider,
2811 3658 2943 3712 who

931 3733 1106 3791 refers
1141 3738 1203 3789 to
1239 3732 1311 3800 iv,
1337 3734 1424 3801 21,
1512 3733 1563 3802 5,
1590 3732 1704 3788 and
1744 3730 1965 3788 Meusel
2003 3730 2089 3800 (L.
2111 3730 2189 3801 0.,
2216 3729 2276 3797 ii,
2308 3729 2469 3801 1044)
2504 3729 2644 3787 take
2678 3729 2840 3785 them
2877 3728 2944 3783 in

931 3806 1029 3861 the
1054 3822 1208 3861 same
1233 3823 1374 3873 way.
1492 3804 1564 3860 he
1590 3803 1877 3860 instances
1908 3803 1970 3856 in
1995 3801 2182 3857 which
2207 3802 2382 3872 peris
2407 3801 2546 3857 used
2570 3802 2631 3856 in
2655 3800 2753 3856 the
2777 3817 2944 3856 sense

930 3877 995 3931 of
1011 3879 1225 3932 auxilio
1249 3895 1315 3934 or
1337 3895 1498 3947 opem
1524 3875 1607 3931 fill
1631 3876 1832 3946 nearly
1849 3875 2013 3931 three
2033 3873 2288 3930 columns
2306 3873 2372 3930 of
2391 3872 2653 3929 Meusel's
2675 3871 2945 3928 Lexicon.

932 3949 990 4003 If
1021 3948 1233 4006 Caesar
1266 3948 1381 4003 had
1418 3951 1617 4004 meant
1645 3945 1931 4018 ‘through
1967 3945 2067 4002 the
2104 3949 2348 4015 country
2384 3944 2451 4000 of
2481 3943 2584 4000 the
2624 3943 2785 3999 Remi
2801 3944 2838 4009 ⁹,
2866 3942 2944 3998 he

928 4020 1114 4075 would
1155 4021 1364 4075 almost
1403 4018 1687 4089 certainly
1723 4018 1864 4075 have
1904 4017 2136 4073 written
2174 4035 2283 4086 per
2327 4019 2616 4072 Remorum
2645 4018 2792 4084 fines
2828 4015 2948 4084 (see

930 4095 995 4148 L.
1018 4093 1095 4159 0.,
1117 4091 1180 4157 ii,
1209 4091 1433 4158 1040-1‚
1457 4089 1498 4155 i,
1524 4089 1662 4146 1270
1688 4130 1701 4143 .
1773 4088 1860 4146 He
1895 4088 2029 4158 only
2054 4087 2219 4145 twice
2258 4088 2319 4156 (i,
2347 4091 2397 4154 6,
2424 4085 2454 4160 ξ
2485 4088 2553 4150 1;
2588 4087 2638 4153 9,
2668 4084 2697 4159 §
2736 4088 2787 4156 1)
2817 4103 2949 4141 uses

925 4183 1032 4234 per
1068 4164 1210 4219 with
1257 4165 1357 4219 the
1399 4178 1567 4217 name
1609 4180 1641 4217 o
1704 4178 1740 4215 a
1777 4160 1927 4217 tribe
1966 4160 2030 4214 in
2072 4159 2171 4216 the
2206 4176 2370 4216 sense
2412 4158 2479 4214 of
2518 4157 2802 4229 ‘through
2841 4158 2948 4212 the

932 4238 1174 4306 country
1201 4234 1268 4291 of
1278 4237 1307 4300 ²,
1335 4233 1449 4289 and
1475 4234 1638 4289 there
1662 4232 1753 4287 his
1775 4230 2050 4303 meaning
2071 4231 2121 4285 is
2145 4230 2587 4286 unmistakable.
2653 4269 2660 4278 ·

988 4310 1163 4375 fieret.
1239 4304 1459 4362 Meusel
1498 4305 1583 4376 (L.
1606 4306 1685 4370 C„
1708 4303 1789 4369 iii,
1822 4303 1957 4358 1505
2016 4302 2250 4385 regards
2274 4303 2374 4358 the
2401 4301 2556 4359 force
2592 4301 2656 4357 of
2684 4300 2783 4356 the
2815 4299 2952 4354 sub·

927 4377 1188 4449 junctive
1213 4396 1274 4433 as
1297 4377 1452 4432 final.
1529 4375 1554 4429 I
1580 4374 1786 4432 should
1808 4393 1908 4446 say
1935 4380 1961 4431 t
2001 4376 2063 4430 at
2089 4379 2139 4430 ιι
2163 4373 2213 4430 is
2237 4373 2699 4441 consecutive,—‘
2716 4390 2752 4427 a
2777 4371 2955 4429 shout
