3177 5166
813 334 1541 402 COMMENTARIUS
1586 335 1661 400 11
2164 338 2248 399 67

234 498 305 562 in
337 497 557 563 Gallia
585 521 628 562 a
656 497 1145 584 potentioribus
1185 502 1387 583 atque
1418 497 1501 563 iis
1532 497 1647 583 qui
1677 497 1762 562 ad
1794 498 2252 564 conducendos

234 602 537 668 homines
608 602 965 668 facultates
1035 601 1373 667 habebant
1430 600 1636 688 vulgo
1704 624 1910 689 regna
1976 624 2248 689 occupa·

235 707 521 782 bantur3
589 706 706 792 qui
765 706 988 771 minus
1051 704 1247 771 facile
1304 727 1450 770 eam
1501 726 1641 770 rem
1694 705 1972 792 imperio
2024 712 2251 772 nostro

235 810 549 896 consequi
589 814 920 896 poterant.

180 931 210 980 5
326 914 456 980 His
508 914 764 979 nuntiis
811 914 1187 1000 litterisque
1238 921 1607 981 commotus
1651 913 1899 981 Caesar
1941 914 2108 980 duas
2159 916 2248 981 le·
2280 925 2325 980 2

236 1019 469 1105 giones
520 1018 592 1083 in
642 1017 944 1084 citeriore
994 1018 1215 1085 Gallia
1262 1040 1472 1084 novas
1523 1020 1913 1106 conscripsit
1963 1025 2033 1086 et
2084 1019 2255 1085 inita
2378 1030 2442 1079 57
2467 1043 2577 1078 ac.

238 1128 495 1188 aestate
526 1125 599 1188 in
622 1122 1005 1189 ulteriorem
1037 1122 1325 1188 Galliam
1349 1122 1464 1208 qui
1488 1122 1844 1189 deduceret
1874 1124 1951 1204 Q.
1978 1123 2254 1189 Pedium

239 1228 535 1314 legatum
581 1226 785 1292 misit.
876 1226 1048 1314 Ipse,
1077 1248 1228 1292 cum
1273 1227 1564 1312 primum
1609 1226 1838 1313 pabuli
1882 1228 2073 1314 copia
2116 1250 2256 1292 esse
2285 1250 2316 1296 2

241 1331 583 1418 inciperet,
611 1331 695 1395 ad
726 1332 1091 1396 exercitum
1123 1330 1328 1396 venit.
1422 1332 1562 1396 Dat
1597 1332 1939 1418 negotium
1978 1331 2256 1398 Senoni-
2284 1357 2314 1404 3

152 1456 217 1502 10
241 1436 369 1501 bus
406 1434 810 1521 reliquisque
840 1434 1052 1500 Gallis
1093 1434 1207 1520 qui
1239 1434 1510 1499 finitimi
1553 1434 1779 1521 Belgis
1815 1441 2008 1501 erant
2036 1435 2138 1500 uti
2179 1458 2258 1500 ea

241 1562 414 1626 quae
449 1539 628 1626 apud
659 1561 769 1605 eos
797 1544 1119 1626 gerantur
1147 1544 1547 1625 cognoscant
1576 1560 1777 1625 seque
1806 1538 1890 1605 de
1925 1539 2032 1605 his
2061 1540 2258 1605 rebus

242 1644 591 1710 certiorem
624 1642 895 1710 faciant.
982 1642 1077 1706 Hi
1109 1647 1493 1708 constanter
1513 1663 1743 1708 omnes
1773 1645 2260 1709 nuntiaverunt
2288 1658 2316 1704 4

245 1770 487 1812 manus
521 1748 685 1834 cogi,
713 1747 1079 1813 exercitum
1111 1747 1184 1811 in
1214 1769 1421 1812 unum
1453 1747 1669 1813 locum
1700 1747 1999 1813 conduci.
2088 1748 2259 1814 Tum
2286 1762 2316 1810 5

248 1874 409 1917 vero
437 1851 881 1917 dubitandum
912 1873 1047 1917 non
1083 1851 1500 1917 existimavit
1529 1852 1693 1937 quin
1723 1852 1810 1917 ad
1856 1875 1967 1918 eos
2005 1854 2262 1940 profici·

157 1970 222 2018 15
248 1960 558 2022 sceretur.
650 1955 747 2019 Re
798 1954 1239 2020 frumentaria
1282 1955 1551 2041 provisa
1590 1962 1810 2021 castra
1861 1963 2087 2023 movet
2125 1956 2259 2022 die·
2290 1986 2319 2030 6
2407 1958 2412 1963 ’

252 2062 507 2146 busque
536 2060 801 2126 circiter
829 2059 955 2123 XV
985 2059 1073 2124 ad
1102 2060 1269 2124 fines
1300 2059 1659 2146 Belgarum
1690 2062 2016 2147 pervenit.

344 2165 443 2230 Eo
470 2186 619 2230 cum
651 2164 735 2229 de
775 2163 1138 2251 improviso
1177 2162 1585 2248 celeriusque
1619 2164 1914 2230 omnium
1954 2164 2263 2251 opinione
2293 2180 2339 2236 3
2388 2176 2506 2254 (ripe
2530 2175 2686 2253 Remi

256 2269 564 2347 venisset,
612 2268 821 2344 Remi,
865 2268 978 2353 qui
1033 2266 1320 2353 proximi
1374 2266 1630 2333 Galliae
1682 2290 1766 2333 ex
1820 2267 2042 2356 Belgis
2088 2272 2266 2349 sunt,
2386 2257 2507 2305 ³⁰¹⁰
2531 2241 2669 2306 ¹¹¹¹¹¹⁹

255 2374 343 2439 ad
383 2395 534 2439 eum
572 2372 827 2460 legatos
872 2372 1120 2438 Iccium
1166 2374 1236 2436 et
1270 2370 1791 2459 Andebrogium,
1820 2372 2068 2459 primos
2103 2374 2267 2439 civi-

164 2499 232 2545 20
258 2478 439 2553 tatis,
467 2476 810 2555 miserunt,
843 2477 955 2562 qui
995 2475 1290 2541 dicerent
1326 2497 1397 2540 se
1431 2491 1682 2561 suaque
1713 2476 1937 2541 omnia
1966 2477 2036 2541 in
2067 2478 2266 2542 fidem
2295 2497 2326 2543 2

257 2588 462 2670 atque
520 2586 919 2668 potestatem
969 2579 1198 2669 populi
1261 2579 1542 2646 Romani
1603 2581 2003 2669 permittere,
2055 2604 2269 2668 neque

259 2710 331 2754 se
370 2709 521 2753 cum
553 2686 827 2773 reliquis
858 2686 1081 2772 Belgis
1120 2684 1524 2750 consensisse
1556 2708 1768 2770 neque
1798 2690 2031 2752 contra
2058 2707 2267 2773 popu-

260 2793 402 2857 lum
444 2789 815 2856 Romanum
859 2787 1252 2869 coniurasse,
1283 2793 1682 2875 paratosque
1724 2811 1864 2854 esse
1900 2794 1969 2855 et
2008 2790 2270 2855 obsides
2297 2818 2327 2864 3

260 2896 424 2961 dare
453 2899 523 2959 et
550 2894 875 2981 imperata
896 2893 1113 2959 facere
1136 2897 1205 2957 et
1225 2892 1489 2979 oppidis
1518 2893 1808 2980 recipere
1837 2899 1906 2958 et
1934 2893 2273 2959 frumento

168 3013 235 3061 25
262 2998 629 3084 ceterisque
678 2998 877 3063 rebus
928 2997 1195 3076 iuvare;
1271 2996 1560 3083 reliquos
1617 3019 1844 3063 omnes
1904 2997 2145 3088 Belgas
2202 2998 2272 3062 in
2303 3024 2330 3070 4

263 3102 471 3168 armis
530 3124 687 3180 esse,
741 3102 1232 3187 Germanosque
1292 3103 1406 3187 qui
1459 3105 1555 3168 cis
1616 3101 1921 3167 Rhenum
1982 3102 2278 3167 incolant

268 3261 417 3299 were
450 3240 601 3297 tired
634 3242 701 3296 of
725 3240 877 3296 their
909 3258 1249 3311 supremacy
1283 3241 1394 3296 and
1428 3239 1644 3295 wished
1680 3243 1737 3295 to
1775 3240 2067 3310 exchange
2104 3239 2152 3295 it
2190 3241 2278 3295 for

269 3316 403 3371 that
422 3315 489 3369 of
503 3312 599 3368 the
616 3311 830 3383 Belgae
850 3332 864 3377 3
890 3313 978 3368 for
995 3311 1057 3366 in
1077 3311 1118 3378 i,
1140 3312 1222 3376 17,
1242 3310 1269 3383 ξ
1291 3313 1324 3366 3
1343 3312 1444 3367 the
1466 3310 1748 3367 followers
1769 3313 1834 3367 of
1849 3311 2163 3367 Dumnorix
2179 3330 2276 3367 are

270 3385 394 3441 said
428 3387 490 3440 to
519 3384 661 3438 have
695 3402 760 3439 ar
841 3382 911 3439 ed
947 3383 1077 3439 that
1104 3384 1183 3438 ‘it
1217 3401 1330 3438 was
1363 3383 1551 3438 better
1574 3422 1588 3437 .
1622 3423 1635 3438 .
1667 3425 1679 3438 .
1709 3387 1771 3438 to
1805 3382 1945 3438 have
1981 3382 2157 3438 Gauls
2189 3384 2280 3438 for

273 3457 429 3513 their
461 3461 700 3511 masters
734 3459 760 3510 t
801 3472 872 3509 an
910 3455 1158 3510 Romans
1176 3454 1209 3510 ⁹.
1285 3454 1364 3510 Or
1395 3454 1640 3525 perhaps
1673 3454 1745 3511 he
1784 3473 1913 3524 may
1949 3455 2088 3524 only
2113 3472 2278 3509 mean

274 3530 410 3585 that
433 3526 593 3584 these
626 3525 818 3591 Gauls,
844 3525 1018 3594 being
1053 3526 1203 3583 tired
1238 3528 1305 3582 of
1330 3527 1551 3581 Roman
1583 3543 1932 3596 supremacy,
1964 3544 2111 3582 were
2144 3526 2283 3581 bent

275 3618 352 3657 on
378 3597 615 3667 making
640 3614 676 3652 a
703 3596 1036 3663 revolution,
1064 3616 1137 3654 no
1164 3602 1377 3654 matter
1399 3599 1570 3653 what.

349 3668 379 3742 ξ
404 3671 457 3725 4.
495 3673 557 3723 in
587 3670 774 3723 Gallia
799 3708 812 3723 .
839 3711 854 3727 .
885 3707 898 3722 .
925 3671 1341 3739 occupabantur.
1417 3669 1519 3725 See
1547 3686 1642 3739 pp.
1667 3666 1856 3723 liv-lv.

348 3740 463 3811 2,§
501 3741 548 3797 1.
585 3744 728 3795 duas
761 3778 776 3794 .
812 3778 827 3794 .
863 3782 876 3795 .
909 3742 1240 3810 consor-ipsit.
1312 3741 1476 3796 After
1511 3740 1716 3797 Caesar
1751 3740 1862 3794 had
1899 3738 2082 3795 raised
2121 3740 2282 3796 these

276 3812 524 3884 legions,
548 3811 734 3866 which
759 3828 905 3867 were
929 3810 1134 3866 known
1160 3829 1223 3866 as
1245 3811 1345 3867 the
1384 3812 1516 3869 13th
1550 3812 1668 3866 and
1705 3812 1857 3877 14th,
1883 3810 1956 3866 he
1993 3810 2107 3866 had
2144 3812 2287 3868 alto·

277 3884 482 3958 gether
513 3882 693 3952 eight.
771 3881 874 3938 See
901 3881 938 3949 i,
965 3882 1015 3947 7,
1045 3882 1073 3952 ξ
1102 3882 1169 3947 2;
1210 3884 1295 3946 10,
1322 3881 1351 3954 ξ
1378 3883 1428 3938 3.

338 3958 399 4021 3,
426 3953 455 4022 ξ
481 3954 533 4008 2.
574 3958 636 4008 in
655 3955 847 4022 fidem.
919 3956 1084 4009 Fides
1105 3953 1241 4010 here
1274 3954 1378 4008 has
1401 3952 1632 4009 virtuall
1700 3955 1800 4010 the
1833 3970 1990 4008 sense
2016 3953 2079 4008 of
2100 3957 2285 4009 tutela.

276 4026 398 4083 The
422 4014 586 4081 Remi
611 4025 899 4081 entrusted
923 4024 1265 4080 themselves
1290 4030 1351 4080 to
1377 4026 1479 4081 the
1506 3973 1828 4095 goodyfaith
1853 4027 1917 4078 of
1937 4024 2038 4079 the
2065 4025 2281 4080 Roman

279 4096 510 4167 People,
537 4097 634 4154 i.e.
658 4096 863 4167 placed
886 4095 1221 4152 themselves
1244 4096 1427 4151 under
1449 4095 1604 4152 their
1627 4094 1966 4167 protection.

408 4168 458 4222 3.
490 4176 821 4239 paratosque
842 4186 952 4223 esse
981 4208 993 4222 .
1021 4208 1034 4223 .
1061 4208 1074 4222 .
1100 4171 1299 4221 iaevam.
1373 4166 1477 4224 See
1502 4168 1602 4224 the
1630 4172 1765 4222 note
1791 4183 1865 4221 on
1891 4165 1929 4234 i,
1956 4166 2043 4235 44,
2070 4164 2099 4237 ξ
2125 4167 2179 4222 4.

407 4242 459 4295 4.
504 4241 904 4309 Germanosque
927 4279 941 4294 .
972 4280 985 4293 .
1014 4279 1027 4293 .
1056 4241 1310 4294 incolant.
1388 4239 1491 4296 See
1516 4242 1568 4305 4,
1601 4237 1630 4308 ξ
1658 4239 1743 4294 10.

275 4312 417 4438 th&
446 4312 567 4439 43.
606 4314 991 4453 imznt§'lb'
1025 4318 1292 4367 utantur.
1323 4353 1333 4364 .
1362 4351 1374 4364 .
1405 4312 1637 4366 habeant
1672 4352 1685 4365 .
1721 4349 1734 4362 .
1774 4348 1786 4362 .
1812 4311 2110 4379 potuerint.
2187 4307 2288 4362 See

347 4401 379 4439 e
404 4400 479 4438 no
563 4400 637 4439 on
662 4400 702 4449 1,
805 4425 819 4450 ,
973 4423 984 4436 .

1234 4472 1343 4533 12
