3177 5166
799 339 1526 410 COMMENTARIUS
1570 341 1672 406 VI
2114 342 2244 409 267

317 506 601 573 Calones
645 505 714 571 in
761 505 1141 591 proximum
1172 504 1507 570 tumulum
1552 509 1973 591 procurrunt.
2063 505 2242 573 Hinc
2267 509 2491 567 mand
2515 511 2618 561 kill

228 612 535 678 celeriter
586 609 823 676 deiecti
877 631 946 675 se
997 610 1068 673 in
1119 610 1312 698 signa
1358 609 1864 696 manipulosque
1916 610 2241 693 coiciunt;
2384 594 2553 695 {¹131}ss
2575 577 2635 627 of

228 737 308 782 eo
380 716 596 804 magis
662 713 931 781 timidos
1004 718 1379 801 perterrent
1451 714 1717 780 milites.
1824 714 1961 779 Alii
2034 738 2242 782 cuneo
2267 734 2298 782 2

230 821 412 887 facto
447 824 527 885 ut
569 819 871 886 celeriter
911 823 1350 905 perrumpant
1392 822 1699 885 censent:
1752 819 2062 905 quoniam
2102 825 2240 885 tam

169 943 201 993 5
227 926 605 1012 propinqua
654 924 792 990 sint
842 928 1077 1001 castra,
1122 924 1246 989 etsi
1299 946 1455 1011 pars
1512 924 1741 1009 aliqua
1791 924 2243 991 circumventa

227 1030 555 1109 ceciderit,
600 1033 675 1094 at
722 1028 1011 1114 reliquos
1055 1029 1308 1093 servari
1354 1050 1541 1115 posse
1600 1026 2037 1117 [confidunt];
2107 1030 2242 1109 alii,
2270 1051 2299 1100 3

226 1138 306 1200 ut
365 1134 437 1198 in
498 1134 655 1221 iugo
711 1133 1080 1200 consistant
1137 1137 1339 1219 atque
1396 1134 1680 1199 eundem
1739 1155 1966 1200 omnes
2019 1135 2244 1202 ferant

228 1260 475 1304 casum.
565 1237 713 1304 Hoc
762 1243 1020 1304 veteres
1070 1260 1204 1303 non
1256 1238 1543 1324 probant
1593 1237 1855 1314 milites,
1901 1260 2065 1324 quos
2116 1241 2241 1305 sub
2268 1251 2296 1298 4

228 1343 481 1409 vexillo
545 1363 683 1408 una
754 1343 1084 1429 profectos
1157 1341 1514 1408 docuimus,
1605 1341 1844 1429 Itaque
1923 1343 2102 1409 inter
2172 1366 2241 1410 se

134 1470 203 1517 10
228 1446 561 1514 cohortati
618 1446 784 1512 duce
837 1445 908 1514 O.
957 1445 1299 1526 Trebonio,
1344 1446 1565 1532 equite
1615 1447 1934 1527 Romano,
1981 1448 2097 1534 qui
2156 1448 2241 1515 iis

229 1557 378 1618 erat
430 1552 866 1639 praepositus,
910 1572 1031 1638 per
1074 1550 1325 1616 medios
1376 1552 1601 1617 hostes
1654 1557 2097 1639 perrumpunt
2141 1554 2241 1619 in-

229 1657 649 1742 columesque
708 1655 795 1720 ad
858 1675 1063 1720 unum
1126 1677 1353 1721 omnes
1409 1655 1481 1720 in
1538 1663 1756 1722 castra
1821 1657 2239 1743 perveniunt.

234 1762 378 1826 Hos
420 1760 754 1826 subsecuti
799 1759 1059 1825 calones
1103 1760 1489 1846 equitesque
1534 1760 1762 1826 eodem
1808 1761 2062 1848 impetu
2116 1765 2238 1829 mi·
2265 1779 2296 1829 5

232 1866 430 1931 litum
486 1865 739 1930 virtute
791 1869 1164 1931 servantur.
1254 1866 1347 1931 At
1398 1865 1446 1929 ii
1497 1864 1613 1951 qui
1666 1864 1737 1930 in
1787 1865 1946 1952 iugo
1996 1869 2238 1934 consti·
2266 1888 2295 1936 6

136 1982 203 2031 15
232 1973 474 2047 terant,
518 1968 705 2035 nullo
756 1969 958 2036 etiam
1008 1991 1184 2035 nunc
1231 1991 1353 2035 usu
1407 1969 1504 2034 rei
1551 1970 1864 2036 militaris
1915 1979 2242 2060 perceptO,

229 2095 446 2160 neque
474 2074 546 2138 in
576 2095 654 2140 eo
684 2073 859 2160 quod
895 2074 1343 2161 probaverant
1370 2074 1644 2141 consilio
1672 2098 2057 2163 permanere
2092 2076 2137 2167 [,
2168 2083 2250 2145 ut

231 2201 301 2242 sc
366 2177 507 2244 loco
563 2178 898 2264 superiore
969 2176 1453 2269 defenderent,]
1516 2201 1731 2265 neque
1812 2202 1958 2246 eam
2044 2205 2246 2269 quam

231 2283 561 2369 profuisse
619 2283 769 2348 aliis
818 2283 957 2348 vim
1017 2282 1558 2370 celeritatemque
1617 2284 1932 2353 viderant
1988 2286 2241 2354 imitari

232 2392 616 2473 potuerunt,
661 2388 775 2453 sed
828 2409 897 2453 se
950 2388 1021 2452 in
1072 2392 1289 2454 castra
1333 2390 1622 2477 recipere
1661 2392 1884 2456 eonati
1939 2392 2238 2478 iniquum

137 2506 206 2552 20
232 2491 304 2556 in
336 2491 551 2557 locum
582 2491 1007 2558 demiserunt.
1096 2492 1553 2575 Centuriones,
1585 2517 1866 2581 quorum
1906 2518 2042 2562 non
2071 2499 2241 2563 nulli
2271 2516 2298 2569 7

233 2618 317 2661 ex
340 2595 771 2663 inferioribus
798 2597 1142 2663 ordinibus
1171 2599 1577 2685 reliquarum
1609 2600 1945 2688 legionum
1969 2602 2244 2669 virtutis

230 2722 434 2767 causa
475 2701 547 2766 in
591 2701 961 2789 superiores
1003 2706 1195 2768 erant
1239 2703 1503 2770 ordines
1547 2706 1747 2771 huius
1783 2705 2062 2793 legionis
2105 2713 2244 2775 tra-

230 2805 437 2887 ducti,
467 2828 552 2872 ne
580 2813 739 2872 ante
766 2811 1025 2893 partam
1057 2807 1151 2872 rei
1183 2808 1496 2875 militaris
1534 2809 1796 2876 laudem
1838 2811 2244 2894 amitterent,

232 2910 594 2976 fortissime
627 2916 1005 2999 pugnantes
1042 2912 1491 2979 conciderunt.
1582 2914 1875 2980 Militum
1920 2937 2092 3001 parS,
2123 2918 2240 2983 ho·
2269 2939 2298 2986 8

134 3031 201 3080 25
231 3038 383 3081 rum
410 3015 661 3082 virtute
690 3015 1014 3082 submotis
1043 3016 1363 3097 hostibus,
1387 3023 1653 3105 praeter
1681 3041 1862 3105 spem
1896 3020 2243 3089 incolumis

230 3120 303 3184 in
335 3124 551 3185 castra
580 3121 905 3206 pervenit,
930 3143 1085 3208 pars
1115 3144 1157 3186 a
1185 3122 1486 3187 barbaris
1514 3122 1969 3190 circumventa
1995 3126 2213 3214 periit.

321 3224 635 3289 Germani
688 3224 1037 3311 desperata
1093 3226 1588 3313 expugnatione
1639 3232 2023 3308 castrorum,
2066 3232 2242 3317 quod
2266 3244 2360 3302 41
2384 3251 2694 3304 Continued

229 3333 493 3394 nostros
527 3329 657 3394 iam
696 3330 1068 3396 constitisse
1103 3330 1174 3395 in
1210 3331 1697 3398 munitionibus
1727 3334 2062 3412 videbant,
2092 3359 2241 3402 cum
2385 3320 2546 3383 P²¹¹¹i⁰
2571 3322 2629 3369 ⁵¹¹

302 3485 414 3548 40,
455 3480 484 3556 ξ
525 3481 578 3538 1.
626 3485 689 3539 in
728 3487 890 3555 siqua
933 3487 1354 3557 manipulosque.
1428 3486 1512 3541 Cf.
1558 3506 1609 3556 v,
1654 3487 1737 3553 17,
1784 3485 1812 3561 ξ
1857 3488 1891 3543 2
1936 3491 2025 3559 (ab
2070 3493 2244 3562 siquis

226 3558 425 3624 Ieyiom
599 3554 666 3624 e).
753 3556 839 3611 Do
890 3559 993 3612 not
1042 3556 1315 3613 translate
1364 3557 1467 3614 the
1513 3559 1696 3613 words
1744 3560 1819 3629 by
1859 3564 1874 3591 ‘
1897 3578 1969 3615 on
2024 3563 2085 3618 to
2141 3564 2238 3620 the

228 3625 534 3683 standai-ds
558 3627 668 3683 and
696 3627 977 3698 maniples
998 3629 1032 3692 ',
1062 3627 1165 3683 but
1190 3631 1281 3699 try
1308 3631 1367 3685 to
1392 3629 1563 3685 think
1592 3631 1657 3685 of
1674 3649 1748 3687 an
1774 3629 2010 3704 English
2037 3634 2240 3706 phrase

226 3697 415 3753 which
438 3697 558 3753 will
585 3716 799 3770 convey
823 3700 924 3755 the
949 3698 1237 3770 meaning.

232 3769 410 3898 19i02'
449 3770 817 3909 5⁰2²35m11³2
850 3770 1111 3898 sm
1135 3771 1647 3901 ῗξέθὲῃὲἒξέἓὲ
1670 3774 1762 3904 ἒέ
1784 3775 2015 3919 ἒέ3“ῗῗξ
2050 3779 2135 3903 53·
2153 3781 2238 3846 ¹³*

219 3858 588 3985 penutsspant
622 3881 749 3968 ‘and
796 3913 875 3984 (2)
912 3922 975 3969 ut
1001 3955 1015 3970 .
1041 3953 1057 3968 .
1084 3955 1098 3969 .
1126 3931 1328 3982 casum,
1367 3916 1481 3971 and
1516 3919 1648 3975 that
1690 3865 1950 3976 beltween
1988 3921 2088 3977 the
2127 3925 2239 3978 two

230 3985 473 4041 another
517 3983 910 4055 independent
958 3989 1225 4042 sentence
1271 3986 1415 4042 with
1465 3993 1746 4056 confidunt
1789 3991 1976 4046 would
2022 3990 2094 4047 be
2143 3991 2244 4047 im·

228 4055 480 4129 possible
506 4055 698 4111 unless
724 4056 773 4112 it
797 4073 941 4113 were
965 4056 1306 4114 introduced
1331 4059 1407 4130 by
1431 4078 1583 4115 nam.

233 4199 248 4212 ·
305 4125 335 4199 ξ
361 4129 412 4183 5.
449 4130 759 4199 equitesque.
801 4127 887 4185 cf.
916 4128 1000 4195 32,
1029 4126 1059 4201 ξ
1088 4129 1138 4184 6.
1213 4129 1421 4187 Caesar
1440 4130 1681 4187 omitted
1709 4135 1769 4189 to
1795 4132 2057 4189 mention
2083 4134 2241 4190 them

230 4216 291 4254 m
306 4199 415 4344 ἐξ.
434 4196 554 4326 ξιξ..
580 4311 593 4325 .
622 4313 637 4327 .
663 4274 1018 4343 defenderant.
1088 4272 1268 4331 These
1292 4273 1473 4331 words
1503 4290 1601 4330 are
1634 4275 1997 4345 superfluous,
2024 4278 2155 4344 and,
2180 4295 2243 4333 as

232 4342 454 4401 Meusel
496 4343 751 4399 remarks
796 4346 874 4411 (J.
891 4346 976 4412 B.,
1021 4343 1181 4414 1910,
1223 4364 1282 4416 p.
1315 4347 1424 4417 37),
1464 4344 1671 4403 Caesar
1717 4346 1902 4401 would
1952 4353 2055 4406 not
2100 4349 2242 4405 have

228 4414 456 4471 written
483 4417 595 4471 loco
617 4417 906 4485 super-fore,
931 4417 1038 4471 but
1061 4418 1165 4472 loci
1188 4420 1566 4487 oportunitate.
