3177 5166
914 294 1045 357 230
1481 288 1604 355 DE
1649 286 1937 354 BELLO
1983 284 2375 354 GALLICO

476 456 588 573 {1¹11}
590 458 774 507 Nervii
855 461 887 511 2
917 458 1000 530 et,
1025 453 1210 540 prius
1238 474 1436 539 quam
1462 451 1562 517 illi
1592 455 1713 519 aut
1735 449 2088 519 convenire
2115 454 2237 516 aut
2258 449 2612 539 profugere
2640 456 2938 538 poment,

480 590 730 639 marchas
915 580 1160 645 magno
1211 556 1464 645 pecoris
1515 561 1718 643 atque
1762 554 2106 622 hominum
2152 576 2429 621 numero
2477 559 2674 643 capto
2725 560 2938 642 atque

479 655 788 772 {fflsssssssshe
916 685 995 729 ea
1059 662 1308 750 praeda
1371 661 1697 727 militibus
1764 680 2069 727 concessa
2127 659 2538 747 vastatisque
2601 659 2800 748 agris,
2864 660 2936 726 in

721 758 734 771 ’
858 776 888 825 3
920 767 1324 833 deditionem
1359 766 1586 833 venire
1628 770 1830 852 atque
1865 764 2126 832 obsides
2164 764 2291 831 sibi
2322 765 2482 830 dare
2517 762 2755 854 coegit.
2836 764 2938 830 Eo

917 872 1221 939 celeriter
1263 871 1563 939 confecto
1607 870 1894 959 negotiO,
1930 892 2160 936 rursus
2203 869 2274 935 in
2321 869 2598 936 hiberna
2641 869 2941 958 legiones
2965 884 3003 943 5

861 995 888 1043 4
918 978 1204 1043 reduxit.
1293 976 1590 1045 Concilio
1634 976 1889 1043 Galliae
1934 976 2152 1063 primo
2194 997 2368 1054 vere,
2403 982 2482 1040 ut
2527 975 2941 1056 instituerat,

921 1082 1189 1159 indicto,
1230 1105 1379 1148 cum
1440 1080 1678 1167 reliqui
1732 1084 1996 1167 praeter
2042 1081 2350 1160 Senones,
2398 1079 2728 1147 Carnutes
2779 1081 2941 1146 Tre·

924 1209 1241 1273 verosque
1292 1187 1647 1263 venissent,
1699 1185 1967 1253 initium
2021 1185 2175 1251 belli
2235 1208 2313 1251 ac
2364 1185 2756 1252 defectionis
2813 1186 2944 1253 hoc

921 1314 1059 1358 esse
1110 1292 1494 1369 arbitratus,
1540 1296 1622 1357 ut
1666 1292 1892 1357 omnia
1936 1296 2333 1378 postponere
2378 1291 2738 1369 videretur,
2783 1313 2944 1358 con-

782 1446 789 1451 .
861 1418 892 1467 5
921 1395 1148 1462 cilium
1180 1396 1520 1463 Luteciam
1546 1395 1950 1462 Parisiorum
1981 1395 2319 1462 transfert.
2405 1395 2714 1464 Confines
2743 1403 2946 1464 erant
2977 1421 3046 1470 10

921 1501 993 1566 hi
1047 1501 1421 1568 Senonibus
1470 1501 1945 1588 civitatemque
1990 1506 2258 1588 patrum
2303 1501 2622 1567 memoria
2663 1500 2943 1567 coniun-

922 1612 1186 1687 xerant,
1241 1607 1357 1672 sed
1407 1607 1494 1672 ab
1545 1608 1670 1673 hoc
1719 1606 1993 1672 consilio
2050 1605 2300 1672 afuisse
2358 1606 2947 1672 existimabantur.

865 1728 895 1776 6
926 1712 1071 1777 Hac
1130 1733 1201 1776 re
1261 1733 1383 1799 pro
1442 1715 1762 1799 suggestu
1820 1710 2274 1797 pronuntiata,
2331 1710 2561 1777 eodem
2618 1711 2726 1777 die
2785 1700 2948 1777 cuni

922 1815 1293 1903 legionibus
1333 1817 1406 1881 in
1448 1816 1741 1883 Senones
1776 1816 2230 1903 proficiscitur,
2260 1815 2650 1903 magnisque
2679 1815 2948 1883 itineri-

922 1921 1047 1986 bus
1075 1943 1154 1987 eo
1182 1920 1505 2008 pervenit.
2979 1928 3049 1986 15

486 2051 599 2100 The
847 2042 899 2099 4
1011 2025 1299 2113 Cognito
1347 2027 1489 2092 eius
1528 2025 1827 2092 adventu
1870 2026 2060 2103 Accu,
2099 2024 2214 2112 qui
2260 2024 2565 2112 princeps
2605 2025 2747 2092 eius
2785 2049 2950 2093 con-
3139 2006 3145 2195 l

487 2118 726 2233 {32⁰⁰ae
923 2129 1055 2195 silii
1101 2129 1340 2209 fuerat,
1383 2129 1570 2196 iubet
1614 2130 1686 2195 in
1731 2129 1977 2218 oppida
2020 2129 2519 2196 multitudinem
2561 2130 2954 2201 convenire.

491 2251 754 2365 Oagnqsses
926 2234 1355 2313 Conantibus
1385 2235 1572 2322 prius
1611 2256 1811 2322 quam
1851 2235 1923 2299 id
1957 2234 2122 2301 effici
2164 2232 2405 2322 posset,
2434 2235 2661 2302 adesse
2700 2226 2959 2303 Roma·
3139 2274 3145 2355 ι

489 2331 552 2366 su
592 2331 668 2365 nu
698 2351 711 2364 ι

868 2353 898 2400 2
927 2361 1047 2404 nos
1097 2338 1467 2405 nuntiatur.
1557 2338 1945 2406 Necessario
1995 2339 2328 2406 sententia
2377 2339 2711 2406 desistunt
2760 2339 2957 2430 lega-

927 2449 1160 2530 tosque
1191 2443 1586 2530 deprecandi
1618 2467 1816 2511 causa
1837 2445 1922 2510 ad
1947 2444 2295 2512 Caesarem
2328 2445 2646 2525 mittunt3
2690 2445 2961 2514 adeunt
2987 2464 3052 2511 20

928 2570 1045 2636 per
1092 2548 1424 2627 Haeduo&
1463 2572 1745 2636 quorum
1792 2549 2166 2638 antiquitus
2212 2555 2358 2617 erat
2401 2550 2473 2616 in
2509 2550 2640 2617 fide
2683 2549 2960 2620 civitas·

870 2667 901 2715 3
928 2653 1243 2720 Libenter
1272 2655 1517 2724 Caesar
1544 2656 1927 2744 petentibus
1965 2656 2266 2722 Haeduis
2304 2657 2425 2722 dat
2456 2657 2718 2723 veniam
2750 2679 2961 2724 excu-

788 2819 791 2822 .
929 2758 1383 2846 sationemque
1428 2760 1687 2848 accipit,
1728 2761 1905 2847 quod
1947 2761 2277 2828 aestin
2324 2767 2589 2849 tempus
2629 2761 2962 2828 instantis

873 2879 900 2927 4
932 2863 1085 2928 belli
1157 2885 1289 2930 non
1351 2866 1758 2952 quaestionis
1818 2888 1956 2932 esse
2013 2866 2486 2933 arbitrabatur.
2586 2865 2962 2934 Obsidibus

872 2978 901 3027 5
931 2968 1273 3054 imperatis
1304 2969 1379 3048 O,
1404 2972 1523 3036 hos
1557 2970 1858 3037 Haeduis
1887 2970 2348 3039 custodiendos
2376 2971 2606 3037 tradit.
2695 2972 2959 3038 Eodem
2986 2990 3042 3037 ⁶25

933 3072 1262 3140 Carnutes
1322 3074 1575 3162 legatos
1628 3075 2016 3162 obsidesque
2068 3077 2352 3142 mittunt
2403 3076 2507 3143 usi
2568 3076 2963 3164 deprecato-

933 3177 1117 3244 ribus
1155 3178 1394 3257 Remis,
1426 3203 1706 3268 quorum
1739 3187 1932 3248 erant
1972 3182 2044 3247 in
2074 3182 2415 3262 clientela3
2459 3181 2687 3248 eadem
2719 3182 2965 3247 ferunt

875 3301 905 3346 6
934 3304 1261 3369 responsa.
1334 3285 1605 3372 Peragit
1622 3286 1973 3353 concilium
1995 3286 2242 3353 Caesar
2259 3287 2644 3373 equitesque
2667 3285 2966 3372 imperat

934 3387 1340 3455 civitatibus,

1064 3562 1115 3617 2.
1144 3566 1311 3633 prius
1333 3582 1497 3635 quam
1525 3606 1538 3621 .
1566 3602 1581 3617 .
1610 3605 1623 3619 .
1648 3572 1875 3635 possent.
1950 3564 2051 3620 See
2078 3564 2180 3620 the
2205 3566 2340 3621 note
2366 3579 2441 3619 on
2467 3561 2553 3633 iii,
2579 3564 2667 3629 26,
2697 3561 2727 3636 ξ
2755 3563 2807 3618 3.

1062 3634 1114 3689 4.
1157 3638 1399 3691 Concilio
1428 3639 1646 3691 Galliae
1670 3677 1686 3693 .
1713 3677 1725 3691 .
1749 3677 1764 3693 .
1793 3638 2012 3692 indicto.
2087 3635 2191 3693 See
2216 3635 2317 3692 the
2344 3639 2477 3693 note
2502 3654 2576 3693 on
2601 3654 2652 3705 v,
2679 3634 2729 3705 2,
2759 3632 2789 3708 ξ
2814 3636 2873 3692 4.

1004 3708 1217 3775 reliqwi.
1291 3706 1412 3764 The
1452 3707 1680 3780 Belgae,
1719 3725 1781 3764 as
1815 3706 1915 3764 the
1951 3706 2262 3782 preceding
2297 3706 2587 3764 narrative
2623 3706 2824 3773 shows,
2862 3724 2966 3763 are

936 3780 1037 3833 not
1076 3776 1360 3835 included.

1007 3856 1069 3904 ut
1096 3889 1108 3904 .
1137 3890 1150 3903 .
1181 3892 1194 3904 .
1220 3853 1500 3906 videretur.
1579 3850 1684 3908 See
1708 3851 1807 3907 the
1833 3853 1968 3908 note
1994 3869 2067 3906 on
2093 3850 2158 3920 ii,
2183 3847 2332 3934 28,·§
2362 3850 2412 3904 3.
3130 3833 3132 3920 4

1009 3918 1039 3986 δ
1067 3920 1116 3974 5.
1154 3924 1518 3994 civitatemque
1543 3963 1556 3977 .
1587 3965 1601 3979 .
1630 3966 1643 3979 .
1669 3926 2088 3979 coniunxemnt.
2164 3922 2248 3978 cf.
2279 3940 2340 3989 u,
2368 3922 2415 3988 8,
2447 3919 2477 3995 ξ
2504 3922 2554 3977 5.

1009 3980 1038 4065 ξ
1081 3992 1129 4048 6.
1175 4012 1282 4062 pro
1325 3998 1680 4064 suqyaetu,—‘
1699 3995 1848 4051 from
1889 3995 1990 4051 the
2031 3997 2188 4051 front
2226 3994 2293 4049 of
2325 3992 2416 4049 his
2459 3992 2767 4050 tribunal'.
2843 3994 2965 4050 ‘rho

933 4072 1212 4134 euyyestus
1250 4084 1363 4121 was
1392 4083 1430 4120 a
1462 4065 1748 4137 platform,
1779 4067 2010 4124 erected
2047 4065 2253 4122 within
2288 4066 2389 4122 the
2423 4083 2609 4137 camp,
2644 4083 2720 4122 on
2752 4065 2961 4130 which,

936 4154 1298 4271 {elge(Dm}y
1331 4136 1670 4281 infclegssfgpm
1707 4138 1967 4209 Trajan's
2005 4138 2253 4208 column,
2280 4137 2530 4194 councils
2569 4135 2635 4193 of
2666 4154 2785 4192 war
2823 4153 2965 4195 were

981 4226 1010 4265 e
1196 4251 1207 4262 .
1267 4252 1298 4277 .,
1326 4229 1395 4273 iv,
1598 4251 1611 4266 .

1008 4282 1072 4347 4,
1101 4278 1130 4351 ξ
1160 4282 1208 4337 2.
1246 4284 1459 4349 infide.
1515 4282 1620 4340 See
1646 4282 1749 4342 the
1775 4285 1910 4339 notc
1936 4301 2009 4339 on
2036 4282 2096 4350 ii,
2125 4283 2177 4349 3,
2206 4279 2236 4356 ξ
2262 4279 2314 4336 2.

1014 4350 1043 4423 ξ
1071 4354 1119 4408 3.
1150 4356 1456 4424 petentibus
1481 4357 1729 4411 Haeduis
1757 4353 1805 4411 is
1830 4354 2099 4424 ablative,
2127 4358 2231 4411 not
2256 4351 2466 4411 dative.
