3177 5166
861 297 1592 368 COMMENTARIUS
1638 299 1772 365 VII
2193 303 2325 366 349

307 461 633 549 praefecti
677 459 1293 528 constituebantur:
1346 459 1648 528 Commio
1693 463 2020 542 Atrebati,
2061 461 2325 528 Virido-

308 589 496 634 maro
551 570 622 633 et
674 563 1107 654 Eporedorigi
1162 565 1483 643 Haeduis,
1529 565 2147 634 Vercassivellauno
2198 567 2323 633 Ar-

309 693 534 751 vern0,
604 670 998 739 consobrino
1071 669 1655 759 Vercingetorigis,
1729 694 1989 739 summa
2060 673 2323 760 imperii

307 778 619 846 traditur.
722 776 852 842 His
920 774 1159 841 delecti
1228 797 1314 841 ex
1378 775 1770 843 civitatibus
1838 777 2323 858 attribuuntur,
2348 800 2376 848 4

244 903 278 953 5
307 904 589 970 quorum
621 881 897 948 consilio
926 879 1175 946 bellum
1205 878 1808 948 administraretur.
1899 882 2145 948 Omnes
2185 882 2319 948 ala·
2347 898 2377 948 6

304 1010 448 1055 cres
483 992 552 1054 et
582 981 862 1053 fiduciae
890 983 1070 1073 pleni
1103 983 1188 1050 ad
1219 983 1511 1050 Alesiam
1551 985 2078 1071 proficiscuntur,
2107 1007 2320 1072 neque
2346 1008 2376 1055 6

304 1097 452 1158 erat
510 1091 805 1158 omnium
869 1089 1220 1176 quisquam
1280 1088 1394 1174 qui
1448 1093 1788 1176 aspectum
1842 1090 2038 1155 modo
2088 1094 2319 1155 tantae

304 1195 761 1262 multitudinis
811 1193 1128 1260 sustineri
1180 1214 1369 1279 posse
1423 1192 1882 1274 arbitraretur,
1926 1194 2317 1280 praesertim

304 1301 580 1388 ancipiti
609 1299 881 1387 proelio,
911 1320 1061 1364 cum
1094 1320 1177 1364 ex
1218 1296 1465 1386 oppido
1495 1298 1846 1385 eruptione
1885 1302 2318 1385 pugnaretur,

202 1428 277 1475 10
302 1406 467 1473 foris
490 1411 721 1472 tantae
750 1403 979 1491 copiae
1008 1401 1349 1490 equitatus
1378 1402 1850 1489 peditatusque
1872 1408 2316 1470 cernerentur.

389 1513 485 1576 At
526 1511 576 1575 ii
622 1508 737 1597 qui
775 1507 1039 1573 Alesiae
1081 1505 1579 1584 obsidebantur,
1624 1505 1989 1593 praeterita
2032 1507 2141 1574 die
2185 1529 2318 1594 qua
2347 1513 2437 1573 77
2460 1518 2683 1569 Faunine
2709 1520 2768 1569 in

303 1615 559 1681 auxilia
608 1635 877 1679 suorum
924 1613 1458 1699 expectaverant,
1500 1615 1893 1698 consumpto
1943 1610 2124 1677 omni
2171 1610 2315 1676 fru-
2457 1584 2681 1700 ὲέξεέα.

303 1724 548 1798 mento,
568 1717 758 1784 inscii
790 1715 949 1803 quid
981 1716 1052 1781 in
1078 1714 1377 1781 Haeduis
1402 1719 1766 1802 gereretur,
1783 1715 2062 1781 concilio
2091 1720 2316 1782 coacto
2458 1719 2659 1778 gnatus

302 1825 386 1890 de
415 1824 603 1890 exitu
640 1843 909 1889 suarum
942 1820 1364 1886 fortunarum
1406 1819 1894 1886 consultabant.
1985 1823 2082 1887 Ac
2114 1821 2316 1887 variis
2341 1835 2370 1883 2
2457 1797 2733 1899 Ξζέξῗῖἶῗ-

202 1949 274 1998 15
302 1929 499 1996 dietis
543 1926 916 2006 sententiis,
958 1947 1240 2012 quarum
1284 1946 1440 2012 pars
1482 1923 1909 2001 deditionem,
1948 1945 2120 2011 pars,
2155 1925 2312 1991 dum
2457 1915 2579 1965 ³⁸³¹·

303 2034 481 2100 vires
553 2034 1000 2120 suppeterent,
1052 2028 1467 2116 eruptionem
1535 2028 1864 2108 censebat,
1922 2051 2058 2094 non
2124 2051 2312 2117 prae-

301 2137 627 2204 tereunda
670 2134 942 2201 videtur
984 2132 1201 2199 oratio
1245 2131 1629 2220 Critognati
1676 2137 1950 2220 propter
1993 2132 2136 2200 eius
2179 2134 2313 2201 sin-

300 2242 600 2329 gularem
652 2245 721 2307 et
771 2237 1100 2305 nefariam
1158 2235 1643 2304 crudelitatem.
1746 2236 1875 2303 Hie
1924 2258 2183 2305 summo
2242 2240 2313 2305 in
2339 2256 2369 2304 3

301 2344 627 2412 Arvernis
684 2348 874 2410 ortus
925 2343 1068 2409 loco
1118 2346 1188 2407 et
1239 2362 1521 2428 magnae
1567 2340 1842 2408 habitus
1893 2342 2315 2410 auctoritatis

202 2473 274 2522 20
300 2449 504 2516 ‘nihil
525 2449 558 2528 ⁹,
588 2449 828 2536 inquit,
858 2447 976 2513 ‘de
1015 2468 1244 2513 eorum
1288 2445 1624 2512 sententia
1662 2446 1965 2513 dicturus
2009 2468 2154 2512 sum
2198 2448 2311 2535 qui

301 2553 756 2642 turpissimam
801 2550 1194 2619 servitutem
1243 2549 1602 2617 deditionis
1647 2550 1913 2618 nomine
1954 2551 2314 2640 appellant,

300 2681 516 2746 neque
558 2659 681 2725 hos
719 2655 1058 2724 habendos
1101 2655 1349 2722 civium
1391 2655 1532 2722 loco
1577 2677 1791 2742 neque
1834 2656 1921 2721 ad
1961 2657 2312 2723 concilium

298 2762 710 2830 adhibendos
758 2783 1006 2829 censeo,
1097 2759 1268 2827 Cum
1321 2760 1426 2825 his
1476 2759 1643 2825 mihi
1696 2781 1802 2826 res
1853 2760 1946 2826 sit
1997 2761 2114 2849 qui
2165 2783 2311 2827 eru·
2339 2780 2367 2828 4

297 2869 592 2956 ptionem
623 2867 945 2954 probant3
988 2885 1269 2952 quorum
1294 2863 1363 2928 in
1394 2863 1669 2931 consilio
1691 2865 1988 2931 omnium
2012 2872 2311 2932 vestrum

200 2992 270 3043 25
297 2994 619 3042 consensu
665 2970 987 3059 pristinae
1031 2968 1317 3035 residere
1360 2969 1632 3034 virtutis
1673 2969 1992 3035 memoria
2022 2970 2307 3037 videtur.

296 3077 523 3145 Animi
566 3080 669 3142 est
706 3076 837 3142 ista
876 3073 1177 3151 mollitia,
1208 3096 1340 3139 non
1373 3073 1609 3151 virtus,
1638 3074 1977 3161 paulisper
2014 3075 2305 3163 inopiam
2333 3099 2363 3149 5

297 3184 473 3251 ferre
512 3203 646 3247 non
687 3201 894 3269 posse.
984 3178 1116 3260 Qui
1152 3200 1222 3244 se
1265 3178 1446 3244 ultro
1485 3179 1685 3245 morti
1723 3179 2006 3245 offerant
2046 3179 2310 3247 facilius

296 3286 723 3376 reperiuntur
744 3306 944 3372 quam
968 3284 1082 3371 qui
1106 3282 1398 3349 dolorem
1421 3282 1755 3370 patienter
1780 3282 2018 3350 ferant.
2084 3285 2307 3373 Atque
2333 3303 2363 3349 θ

293 3415 418 3481 ego
476 3393 650 3458 hanc
715 3388 1115 3455 sententiam
1181 3387 1886 3474 probarem—tantum
1956 3389 2133 3476 apud
2201 3412 2307 3457 me

201 3518 270 3567 30
296 3495 591 3585 dignitas
629 3491 994 3581 potest—si
1037 3491 1290 3557 nullam
1330 3497 1794 3579 praeterquam
1827 3493 2009 3560 vitae
2039 3498 2307 3562 nostrae

294 3601 620 3667 iacturam
642 3596 787 3663 fieri
811 3596 1104 3663 viderem
1125 3619 1141 3678 ;
1170 3596 1379 3663 sedin
1410 3596 1683 3663 consilio
1705 3598 2022 3684 capiendo
2043 3621 2304 3666 omnem
2333 3614 2362 3666 7

295 3703 580 3771 Galliam
613 3701 1060 3789 respiciamus,
1089 3722 1287 3788 quam
1329 3700 1415 3766 ad
1450 3705 1754 3767 nostrum
1794 3702 2120 3768 auxilium
2151 3727 2304 3771 con-

291 3806 664 3875 citavimus.
757 3804 936 3887 Quid
980 3805 1321 3872 hominum
1368 3805 1639 3871 milibus
1684 3805 1934 3871 LXXX
1983 3828 2118 3873 uno
2166 3808 2307 3876 loco
2332 3830 2361 3878 8

293 3911 664 3979 interfectis
707 3909 1096 3998 propinquis
1135 3910 1771 3998 consanguineisque
1810 3912 2056 3978 nostris
2099 3912 2304 3978 animi

201 4040 266 4090 35
294 4017 438 4084 fore
472 4014 889 4097 existimatis,
918 4015 975 4081 si
1017 4036 1225 4102 paene
1266 4015 1337 4079 in
1378 4015 1539 4102 ipsis
1582 4015 2016 4082 cadaveribus
2056 4017 2306 4104 proelio

293 4121 632 4188 decertare
691 4121 1055 4207 cogentur?
1146 4118 1373 4185 Nolite
1432 4120 1553 4185 hos
1604 4123 1828 4186 vestro
1885 4120 2137 4187 auxilio
2189 4144 2302 4188 ex·
2330 4145 2360 4192 9

362 4300 462 4365 77,
486 4295 515 4370 §
541 4298 593 4352 6.
632 4295 1061 4367 dimitam-Le.
1080 4314 1263 4352 eor-um
1360 4299 1517 4352 icam
1533 4300 1770 4366 probant
1794 4300 1897 4355 :—‘
1917 4317 1978 4356 so
2004 4299 2209 4374 highly
2226 4301 2300 4357 do

296 4369 321 4425 1
349 4373 573 4441 respect
597 4367 699 4426 the
726 4368 1022 4440 authority
1047 4367 1114 4424 of
1131 4367 1206 4424 its
1305 4371 1561 4426 vocates.’
