3177 5166
883 235 1014 300 392
1450 231 1572 299 DE
1617 229 1903 296 BELLO
1949 229 2341 299 GALLICO

823 413 854 463 5
878 397 1230 465 intercisae
1299 402 1459 463 sunt
1525 404 1728 484 atque
1796 418 2086 464 aversae.
2177 396 2327 477 Quo
2384 394 2566 461 facto
2621 397 2908 478 repente

878 503 1188 590 perennis
1240 503 1509 570 exaruit
1566 503 1719 569 fons
1783 506 2176 588 tantamque
2243 500 2482 567 attulit
2542 496 2906 587 oppidanis

880 607 1118 674 salutis
1176 607 1704 695 desperationem
1757 612 1837 673 ut
1886 606 1957 672 id
2016 628 2151 673 non
2210 605 2557 672 hominum
2614 601 2904 670 oonsilio

447 730 750 782 San-endor
879 712 995 778 sed
1052 712 1325 778 deorum
1379 712 1728 779 voluntate
1780 709 2035 777 factum
2096 715 2433 800 putarent.
2520 708 2764 796 Itaque
2823 728 2902 774 se

446 799 707 927 {ssss‘gom
880 818 1270 883 necessitate
1313 817 1522 883 coacti
1568 815 2012 882 tradiderunt.
2933 827 2968 877 5

445 944 612 993 Their
756 935 857 992 44
969 920 1231 1001 Caesar,
1285 944 1435 989 cum
1505 943 1696 987 suam
1767 921 2115 987 lenitatem
2180 920 2517 1008 cognitam
2582 918 2903 984 omnibus

444 1011 674 1126 ξζζᾞξὴ·
881 1027 1080 1093 sciret
1136 1049 1348 1114 neque
1399 1031 1743 1093 vereretur
1793 1047 1877 1092 ne
1936 1026 2098 1113 quid
2156 1025 2552 1093 crudelitate
2609 1030 2904 1090 natm-ae

880 1131 1224 1197 videretur
1267 1132 1566 1220 asperius
1612 1131 1847 1198 fecisse
1897 1153 2111 1218 neque
2156 1130 2412 1197 exitum
2464 1128 2902 1196 consiliorum

879 1258 1149 1303 suorum
1209 1236 1793 1317 animadverteret,
1846 1236 1907 1303 si
1965 1236 2088 1302 tali
2147 1236 2408 1302 ratione
2472 1233 2758 1301 diversis
2828 1233 2903 1298 in

879 1341 1041 1408 loeis
1069 1342 1294 1429 plures
1333 1342 1609 1408 consilia
1647 1341 1949 1423 inissent,
1980 1341 2285 1429 exemplo
2323 1339 2631 1428 supplicii
2673 1339 2898 1405 deter-
2933 1352 3000 1400 ιο

882 1446 1120 1512 rendos
1189 1446 1477 1533 reliquos
1546 1446 1983 1514 existimavit.
2090 1446 2329 1533 Itaque
2399 1444 2708 1511 omnibus
2778 1443 2902 1530 qui

883 1573 1069 1617 arma
1128 1552 1424 1619 tulerant
1480 1575 1720 1618 manus
1779 1551 2104 1640 praecidit
2157 1551 2499 1638 vitamque
2554 1549 2903 1627 concessit,

447 1689 665 1741 Suicide
688 1687 745 1740 of
825 1684 855 1733 2
883 1678 1014 1742 quo
1086 1656 1398 1723 testatior
1469 1661 1643 1723 esset
1718 1678 1932 1744 poena
2009 1656 2480 1744 improborum.
2569 1655 2902 1741 Drappes,

447 1757 702 1821 Drappes.
882 1783 1079 1847 quem
1122 1769 1388 1849 captum
1442 1784 1582 1828 esse
1628 1785 1671 1828 a
1715 1761 2000 1829 Caninio
2044 1762 2256 1842 docui,
2297 1762 2440 1827 sive
2487 1760 2904 1847 indignitate

881 1870 950 1931 et
994 1865 1217 1932 dolore
1265 1866 1683 1935 vinculorum
1738 1866 1881 1934 sive
1926 1867 2164 1933 timore
2208 1866 2538 1955 gravioris
2584 1864 2903 1952 supplicii
2932 1879 2995 1926 15

881 1970 1110 2056 paucis
1167 1970 1401 2038 diebus
1460 1972 1608 2038 cibo
1665 1994 1737 2038 se
1796 1971 2128 2038 abstinuit
2186 1977 2388 2058 atque
2453 1971 2551 2037 ita
2611 1969 2900 2036 interiit.

446 2094 559 2144 The
577 2094 763 2144 fateor
825 2091 855 2141 3
884 2074 1129 2140 Eodem
1162 2079 1461 2163 tempore
1490 2075 1860 2160 Lucterius,
1884 2098 2079 2163 quem
2110 2075 2485 2163 profugisse
2524 2096 2609 2140 ex
2646 2073 2904 2160 proelio

449 2161 745 2212 Lucterius.
882 2178 1132 2265 scripsi,
1184 2202 1332 2245 eum
1394 2180 1463 2245 in
1536 2183 1936 2267 potestatem
1997 2180 2290 2247 venisset
2350 2178 2705 2266 Epasnacti
2769 2178 2903 2242 Ar-

884 2284 1392 2350 verni—crebro
1453 2286 1630 2350 enim
1692 2285 2035 2351 mutandis
2096 2285 2257 2351 locis
2318 2285 2680 2350 multorum
2741 2283 2900 2348 fidei

882 2409 952 2453 se
1001 2387 1478 2467 committebat,
1521 2389 1700 2476 quod
1751 2411 2078 2476 nusquam
2120 2387 2377 2454 diutius
2419 2388 2562 2454 sine
2604 2386 2903 2473 periculo
2927 2403 2994 2452 20

881 2498 1407 2558 commoraturus
1431 2494 1806 2575 videbatur,
1824 2516 1974 2560 eum
2005 2494 2131 2559 sibi
2162 2493 2463 2560 conscius
2491 2498 2666 2559 esset
2694 2514 2900 2578 quam

881 2598 1223 2666 inimicum
1273 2600 1545 2666 deberet
1599 2597 1946 2667 Caesarem
1999 2599 2511 2666 habere—hunc
2564 2597 2903 2684 Epasnac-

882 2708 993 2769 tus
1015 2704 1378 2782 Arvernus,
1399 2704 1838 2771 amicissimus
1859 2706 2104 2792 populo
2127 2704 2444 2786 Roman0‚
2462 2703 2603 2769 sine
2627 2703 2899 2769 dubita-

882 2809 1065 2875 tione
1096 2809 1234 2874 ulla
1265 2810 1564 2875 vinctum
1597 2810 1681 2876 ad
1720 2808 2068 2877 Caesarem
2103 2810 2401 2875 deduxit.

451 2932 717 2983 Labienus
757 2928 853 2987 45
971 2914 1303 2979 Labienus
1362 2914 1633 2980 interim
1694 2914 1766 2980 in
1828 2915 2134 2981 Treveris
2203 2919 2506 3002 equestre
2572 2914 2901 3001 proelium
2927 2930 2992 2979 25

449 2999 684 3115 ζζξὼθθ
885 3018 1048 3084 facit
1109 3018 1469 3086 secundum
1523 3020 2105 3107 compluribusque
2157 3018 2465 3086 Treveris
2524 3018 2904 3085 interfectis

450 3132 686 3181 Treveri.
885 3127 953 3189 et
1012 3124 1377 3200 Germanis,
1438 3124 1551 3210 qui
1614 3124 1780 3189 nulli
1852 3125 2173 3190 adversus
2241 3123 2575 3189 Romanos
2641 3123 2903 3188 auxilia

826 3254 856 3302 2
884 3228 1324 3314 denegabant,
1367 3228 1699 3316 principes
1760 3250 1988 3295 eorum
2042 3228 2234 3294 vivos
2285 3228 2536 3316 redigit
2585 3228 2655 3292 in
2704 3249 2900 3293 suam

882 3338 1280 3418 potestatem
1341 3339 1543 3420 atque
1610 3335 1682 3398 in
1748 3335 1854 3399 his
1914 3334 2162 3398 Surum
2225 3332 2602 3411 Haeduum,
2653 3333 2768 3419 qui
2831 3337 2902 3398 et

884 3437 1159 3502 virtutis
1233 3440 1302 3503 et
1372 3439 1637 3524 generis
1709 3458 2038 3503 summam
2112 3436 2533 3504 nobilitatem
2607 3436 2903 3504 habebat
2927 3455 2987 3503 30

882 3541 1189 3627 solusque
1241 3563 1326 3607 ex
1382 3541 1682 3609 Haeduis
1732 3541 1819 3607 ad
1871 3540 1941 3606 id
1994 3544 2258 3628 tempus
2317 3545 2776 3629 permanserat
2827 3541 2900 3606 in

882 3646 1104 3711 armis.

449 3787 648 3839 Caesar
756 3769 856 3827 46
970 3751 1069 3817 Ea
1126 3773 1199 3817 re
1257 3750 1525 3838 cognita
1578 3750 1841 3833 Caesar,
1886 3776 2038 3821 cum
2097 3756 2170 3820 in
2226 3753 2535 3820 omnibus
2592 3752 2900 3841 partibus

451 3856 686 3905 ¹·0001V08
884 3855 1139 3921 Galliae
1184 3855 1350 3920 bene
1396 3876 1500 3920 res
1535 3859 1760 3942 gestas
1801 3856 2062 3925 videret
2104 3858 2561 3944 iudicaretque
2605 3856 2899 3944 superio·

450 3922 765 4038 3333&
883 3960 1069 4025 ribus
1128 3959 1403 4026 aestivis
1462 3958 1752 4025 Galliam
1812 3961 2144 4030 devictam
2205 3962 2680 4049 subactamque
2737 3982 2899 4042 esse,
2924 3978 2983 4028 35

955 4178 1062 4244 44,
1105 4173 1135 4250 ξ
1175 4178 1222 4231 1.
1268 4178 1561 4233 lenitatem.
1636 4175 1854 4245 Cicero,
1894 4177 2023 4233 who
2071 4176 2187 4232 had
2238 4194 2314 4233 no
2361 4176 2489 4233 love
2539 4176 2628 4233 for
2675 4175 2898 4245 Caesar,

882 4249 1091 4320 agreed
1132 4248 1271 4305 with
1318 4247 1553 4305 Hirtius,
1625 4251 1700 4304 In
1743 4250 1983 4316 caesare,
2024 4249 2096 4305 he
2132 4252 2307 4306 wrote
2342 4249 2541 4320 (Fam,
2569 4248 2642 4319 vi,
2668 4248 2720 4316 6,
2755 4246 2785 4322 ξ
2821 4249 2894 4318 8),

883 4322 1010 4377 haec
1032 4329 1161 4377 sune
1176 4341 1194 4376 .·
1239 4322 1388 4377 mitis
1408 4324 1731 4393 clemensque
1753 4329 1975 4377 natura.
