3177 5166
845 339 1579 407 COMMENTARIUS
1624 340 1724 407 VI
2163 346 2294 411 259

276 504 453 590 quod
482 505 736 591 proelio
765 506 1214 573 dimicandum
1247 529 1382 573 non
1412 506 1848 584 existimaret,
1876 530 1965 572 an
1994 512 2292 593 tempore

275 608 585 674 exclusus
607 614 677 675 et
697 611 1046 697 repentino
1068 611 1370 697 equitum
1395 611 1695 676 adventu
1725 611 2119 698 prohibitus,
2137 634 2289 678 cum

275 713 608 800 reliquum
661 716 1026 781 exercitum
1085 716 1399 801 subsequi
1456 715 1771 794 crederet,
1815 715 2094 782 dubium
2154 722 2292 797 est3

275 818 391 884 sed
451 824 629 886 certe
687 820 981 886 dimissis
1037 842 1158 907 per
1207 843 1404 908 agros
1463 820 1722 886 nuntiis
1780 819 1909 885 sibi
1962 842 2290 907 quemque
2318 833 2349 886 2

219 951 251 1001 6
275 924 615 989 consulere
643 924 858 994 iussit.
939 925 1237 1006 Quorum
1270 947 1425 1012 pars
1453 925 1526 989 in
1556 924 1992 990 Arduennam
2032 924 2290 1000 silvam,

274 1050 432 1114 pars
487 1030 560 1094 in
619 1031 1036 1096 continentes
1094 1030 1372 1115 paludes
1423 1030 1767 1118 profugit3
1836 1030 1951 1116 qui
2003 1031 2290 1117 proximi
2320 1049 2350 1098 3

277 1134 540 1201 Oceano
590 1134 889 1214 fuerunt,
934 1135 1006 1198 hi
1065 1133 1304 1200 insulis
1363 1156 1503 1201 sese
1555 1134 2081 1214 occultaverunt,
2126 1157 2291 1221 quas

275 1244 501 1304 aestus
569 1239 822 1306 efficere
890 1242 1329 1320 consuerunt3
1422 1238 1622 1305 multi
1688 1260 1773 1305 ex
1839 1240 1977 1305 suis
2044 1240 2291 1305 finibus
2318 1251 2347 1299 4

276 1346 522 1430 egressi
597 1366 669 1409 se
736 1366 986 1430 suaque
1054 1343 1281 1409 omnia
1348 1343 1772 1409 alienissimis
1845 1343 2288 1410 crediderunt.

179 1481 247 1527 10
277 1449 703 1529 Catuvolcus,
742 1472 860 1515 rex
911 1449 1228 1515 dimidiae
1275 1449 1488 1535 partis
1534 1449 1943 1528 Eburonum,
1985 1450 2099 1536 qui
2152 1472 2289 1516 una
2315 1471 2347 1521 5

273 1576 425 1619 cum
488 1554 873 1641 Ambiorige
932 1553 1282 1620 consilium
1342 1553 1606 1632 inierat,
1657 1558 1879 1620 aetate
1941 1554 2075 1619 iam
2135 1575 2288 1620 con-

276 1660 511 1736 fectm,
540 1681 690 1725 cum
729 1658 1021 1724 laborem
1065 1658 1221 1724 belli
1262 1663 1383 1723 aut
1416 1658 1620 1746 fugae
1665 1659 1839 1725 ferre
1875 1681 2008 1724 non
2047 1663 2290 1745 posset,

275 1765 585 1829 omnibus
642 1764 949 1850 precibus
1007 1763 1378 1830 detestatus
1437 1764 1909 1850 Ambiorigem,
1962 1763 2076 1849 qui
2148 1763 2291 1829 eius

273 1870 533 1937 consilii
585 1875 818 1936 auctor
866 1869 1123 1945 fuisset,
1166 1874 1346 1948 tax0,
1390 1870 1579 1936 cuius
1639 1891 1885 1956 magna
1944 1870 2014 1934 in
2070 1867 2290 1934 Gallia

6 1967 11 2026 1
173 2004 245 2055 16
275 1975 765 2061 Germaniaque
808 1974 998 2061 copia
1041 1979 1158 2054 est,
1194 1996 1266 2040 se
1310 1974 1744 2041 exanimavit.

2437 526 2608 572 resort
2632 526 2690 573 to

2436 589 2696 651 guerr-illa

2435 656 2683 705 wau-tare.

2433 1474 2653 1524 Suicide
2678 1477 2738 1525 of

2433 1541 2591 1591 Catu·

2433 1608 2635 1658 voleus,

364 2081 570 2169 Segni
613 2079 1093 2165 Condrusique,
1124 2101 1211 2145 ex
1249 2082 1449 2174 gente
1494 2083 1564 2146 et
1608 2100 1884 2144 numero
1925 2078 2287 2144 Germano·
2316 2098 2412 2157 32
2434 2095 2631 2147 caesar

276 2209 443 2265 rum,
475 2185 591 2271 qui
631 2189 792 2251 sunt
820 2184 999 2249 inter
1028 2182 1371 2251 Eburones
1407 2183 1876 2269 Treverosque,
1906 2183 2162 2271 legatos
2201 2184 2288 2250 ad

276 2291 627 2358 Caesarem
668 2289 996 2354 miserunt
1034 2291 1297 2353 oratum
1328 2310 1413 2353 ne
1452 2310 1522 2354 se
1563 2287 1635 2352 in
1677 2288 1971 2353 hostium
2012 2309 2289 2354 numero

276 2398 548 2463 duceret
590 2417 760 2461 neve
804 2393 1103 2460 omnium
1148 2392 1631 2458 Germanorum
1686 2392 1800 2479 qui
1854 2398 2074 2459 essent
2119 2394 2291 2480 citra

174 2529 247 2577 20
277 2502 584 2567 Rhenum
645 2521 849 2565 unam
908 2520 1048 2564 esse
1098 2518 1365 2563 causam
1423 2497 1790 2564 iudicaret:
1860 2498 2032 2562 nihil
2086 2520 2154 2562 se
2209 2497 2291 2562 de

277 2606 450 2672 bello
521 2604 936 2691 cogitavisse,
989 2602 1174 2669 nulla
1238 2602 1614 2689 Ambiorigi
1689 2603 1944 2669 auxilia
2019 2604 2291 2669 misisse.

279 2711 528 2777 Caesar
576 2709 925 2796 explorata
973 2729 1044 2772 re
1092 2703 1508 2796 [quaestione
1551 2707 2021 2794 captivorum],
2065 2708 2121 2770 si
2175 2708 2290 2793 qui
2318 2724 2347 2772 2

278 2817 363 2881 ad
425 2837 536 2881 eos
594 2815 937 2880 Eburones
1001 2834 1086 2877 ex
1147 2811 1313 2899 fuga
1370 2812 1854 2889 convenissent,
1917 2811 2003 2876 ad
2073 2832 2144 2876 se
2214 2816 2293 2877 ut

350 2990 441 3054 31,
469 2985 499 3053 δ
530 2987 577 3042 1.
619 2988 954 3041 existimant
985 2984 1034 3038 is
1067 3002 1142 3040 an
1179 2983 1562 3049 emendation,
1633 2984 1869 3055 roposed
1903 2984 1980 3054 by
2013 2982 2103 3037 W.
2129 2976 2288 3038 Paul.

276 3059 397 3114 'l'he
424 3047 582 3114 MSS.
604 3058 747 3114 have
773 3058 1133 3124 aestimarim
1162 3056 1271 3111 but
1294 3054 1355 3110 in
1377 3054 1575 3112 Oratio
1648 3060 1776 3113 ecta
1793 3057 1892 3111 the
1919 3059 2082 3112 tense
2099 3054 2291 3111 would

276 3132 349 3188 be
378 3130 682 3202 imperfect
707 3130 785 3199 (J.
804 3131 887 3194 B„
917 3129 1074 3195 1894,
1100 3146 1157 3199 p.
1182 3128 1330 3195 370).

352 3202 383 3275 ξ
409 3202 461 3260 2.
500 3205 825 3257 continentes
847 3217 978 3270 may
1006 3197 1254 3270 possibly
1278 3216 1441 3254 mean
1469 3202 1574 3255 not
1601 3201 1615 3229 ‘
1631 3199 1927 3254 unbroken
1946 3198 1961 3221 ⁹
1987 3198 2291 3264 (stretches

278 3275 344 3328 of
376 3272 629 3344 moraes),
662 3290 726 3328 as
760 3272 823 3326 in
860 3271 942 3337 iii,
977 3270 1064 3338 28,
1093 3269 1123 3343 ξ
1158 3270 1209 3339 2,
1242 3269 1350 3325 but
1385 3270 1716 3341 ‘adiacent'
1751 3275 1812 3327 to
1844 3270 1946 3325 the
1981 3270 2287 3326 Ardennes.

278 3345 365 3401 Cf.
402 3343 763 3401 Schneider’s
798 3346 934 3398 note
970 3342 1086 3399 and
1123 3344 1189 3398 B.
1212 3345 1286 3409 0„
1315 3341 1352 3407 i,
1380 3341 1469 3411 54,
1499 3340 1528 3413 ξ
1565 3342 1615 3396 3.
1691 3342 1717 3396 I
1754 3341 1989 3408 believe,
2016 3341 2290 3410 however,

277 3418 411 3472 that
434 3417 534 3472 the
559 3416 773 3471 former
795 3416 1113 3484 represents
1136 3412 1388 3470 Caesar’s
1413 3412 1701 3485 meaning.

353 3486 384 3560 ξ
409 3490 463 3543 5.
569 3490 594 3541 i
618 3528 632 3543 .
656 3529 669 3543 .
697 3529 710 3542 .
723 3488 942 3556 suisset.
1014 3485 1134 3541 The
1158 3484 1514 3555 subjunctive
1539 3484 1592 3539 is
1612 3485 1818 3541 causal.

352 3561 457 3626 32,
483 3507 591 3645 ξιί.
628 3561 790 3628 Seyni
816 3598 829 3613 .
855 3598 870 3614 .
899 3596 912 3611 .
945 3557 1355 3613 Germanorum.
1431 3556 1536 3613 See
1561 3575 1659 3640 pp.
1688 3555 2039 3613 xxxi-xxxii.

351 3649 596 3686 nmmum
621 3672 635 3686 .
665 3671 677 3684 .
707 3670 720 3684 .
748 3630 1012 3684 Rhenum.
1089 3627 1193 3683 See
1261 3645 1313 3696 p.
1339 3644 1641 3682 xxx—xxm.

355 3699 385 3773 ξ
405 3702 459 3760 2.
494 3705 803 3773 quaestione
820 3703 1170 3770 captivorum.
1289 3698 1448 3755 eusel
1470 3700 1547 3769 (J.
1567 3701 1651 3763 B„
1674 3700 1825 3764 1910,
1843 3718 1899 3770 p.
1915 3700 2010 3771 54)
2027 3699 2292 3755 brackets

279 3774 445 3829 these
469 3773 667 3836 words,
688 3789 763 3827 on
782 3770 884 3827 the
908 3771 1128 3841 ground
1146 3770 1290 3836 that,
1310 3786 1373 3825 as
1397 3788 1472 3827 no
1495 3771 1532 3826 fi
1576 3770 1755 3843 hting
1770 3772 1886 3828 had
1904 3771 2079 3826 taken
2109 3770 2288 3842 place.

280 3862 382 3972 {¹1:²0
392 3844 586 3971 ⁹333?
590 3860 788 3986 ‘'mr‘'
705 3842 871 3969 ⁰⁰¹2?
885 3841 1483 3983 &3333023233115
1514 3841 2071 3986 ..ἒῖιῗῗὲἐῖἷῶξέἧ
2098 3842 2299 3968 ἓὲἳέἰέ

281 3985 672 4043 examination
701 3984 769 4041 of
787 3956 965 4040 aldves
990 3984 1172 4040 under
1194 3987 1431 4052 tol-ture,
1455 3984 1571 4041 and
1594 3985 1696 4041 the
1723 3956 1961 4041 unusu’al
1988 3984 2168 4049 order,
2197 4004 2292 4038 ex-

277 4061 500 4129 plorata
517 4099 530 4114 .
548 4099 561 4113 .
579 4100 593 4115 .
608 4060 940 4128 captivorum
953 4055 1185 4111 instead
1193 4056 1259 4110 of
1268 4060 2019 4140 requaestionepaptivomme
2098 4058 2290 4137 Ionica,

280 4126 1704 4272 {mlieffilaizlgewiil’fflsieaffbdffxiewxndliihitst
1722 4125 2295 4281 ibleepgisacinelgshgssg

281 4274 424 4329 have
472 4273 619 4329 been
661 4270 1024 4337 Eburoniam
1074 4269 1181 4326 but
1221 4270 1324 4327 the
1368 4271 1552 4326 words
1598 4268 1734 4326 look
1777 4270 1891 4325 hke
1932 4286 1968 4324 a
2009 4269 2294 4339 marginal

280 4344 540 4401 addition
576 4343 741 4399 made
773 4342 851 4412 by
882 4360 919 4398 a
951 4340 1147 4397 reader
1176 4341 1302 4397 who
1336 4341 1503 4397 knew
1535 4341 1667 4397 that
1697 4341 1904 4398 Caesar
1931 4341 2070 4398 used
2101 4344 2163 4397 to
2197 4349 2297 4411 get

281 4416 655 4472 information
681 4414 830 4469 from
862 4413 1162 4484 prisonem.

1241 4507 1343 4570 s2

2434 2165 2582 2225 posts
2604 2178 2636 2212 a

2369 2243 2376 2248 ·
2435 2228 2614 2291 legion

2433 2294 2614 2344 under

2435 2361 2620 2411 Cicero
2642 2361 2700 2409 at

2435 2429 2710 2476 Atuatuca

2437 2495 2495 2542 in
2520 2492 2715 2554 charge

2436 2559 2496 2609 of
2513 2559 2596 2608 his

2435 2627 2613 2689 hesvy

2439 2695 2685 2755 baggage,
