3177 5166
838 312 970 374 206
1404 310 1524 375 DE
1572 310 1858 377 BELLO
1905 309 2299 378 GALLICO

837 473 908 538 in
950 496 1021 538 re
1056 475 1387 539 communi
1430 475 1636 540 saluti
1678 474 1910 540 deerat
1938 477 2009 540 et
2048 474 2121 539 in
2160 472 2576 560 appellandis
2614 472 2855 539 cohor-

836 578 1191 664 tandisque
1243 579 1570 645 militibus
1621 578 2043 666 imperatoris
2096 581 2166 643 et
2215 577 2287 642 in
2339 598 2568 665 pugna
2617 575 2863 641 militis

779 699 809 746 3
836 681 1047 748 officia
1067 683 1473 768 praestabat.
1549 682 1722 750 Cum
1748 686 2023 769 propter
2051 680 2538 769 longitudinem
2566 679 2863 768 agminis

836 809 970 852 non
1024 786 1219 853 facile
1271 808 1392 873 per
1441 809 1512 853 se
1563 788 1791 853 omnia
1836 786 2021 868 obire
2073 790 2145 852 et
2189 785 2351 872 quid
2400 807 2660 872 quoque
2713 784 2862 851 loco

839 890 1218 957 faciendum
1258 896 1431 958 esset
1469 891 1819 978 providere
1860 895 2148 979 possent,
2186 890 2525 966 iusserunt
2563 911 2860 977 pronun·
2897 908 2929 957 5

838 993 994 1058 tiari
1055 998 1135 1060 ut
1192 994 1671 1081 impedimenta
1729 995 2183 1082 relinquerent
2239 1002 2440 1081 atque
2499 995 2571 1059 in
2628 994 2860 1060 orbem

782 1120 809 1168 4
836 1098 1295 1167 consisterent.
1386 1098 1581 1180 Quod
1620 1099 1969 1166 consilium
2010 1099 2136 1165 etsi
2180 1100 2251 1164 in
2293 1100 2435 1165 eius
2478 1099 2656 1166 modi
2698 1122 2860 1166 casu

837 1203 1453 1289 reprehendendum
1500 1226 1635 1270 non
1679 1210 1800 1286 est,
1844 1208 2072 1270 tamen
2116 1204 2529 1270 incommode
2579 1204 2860 1273 accidit:

780 1320 811 1370 5
838 1328 993 1372 nam
1041 1312 1112 1373 et
1163 1308 1409 1375 nostris
1461 1308 1790 1375 militibus
1842 1331 2027 1396 spem
2080 1308 2329 1376 minuit
2374 1313 2445 1375 et
2496 1310 2722 1376 hostes
2769 1311 2860 1376 ad

837 1432 1132 1500 pugnam
1154 1413 1508 1479 alacriores
1531 1414 1767 1491 effecit,
1790 1414 1967 1500 quod
1997 1435 2132 1479 non
2161 1413 2306 1479 sine
2336 1436 2596 1480 summo
2618 1414 2859 1481 timore
2890 1434 2959 1481 10

782 1535 811 1582 e
837 1521 907 1582 et
924 1516 1387 1603 desperatione
1407 1518 1476 1582 id
1501 1517 1756 1583 factum
1778 1518 2153 1585 videbatur.
2229 1516 2581 1585 Praeterea
2597 1520 2858 1601 accidit,

838 1620 1014 1706 quod
1069 1622 1211 1686 fieri
1271 1643 1534 1688 necesse
1594 1628 1758 1701 erat,
1809 1627 1890 1687 ut
1940 1622 2146 1710 vulgo
2196 1621 2446 1688 milites
2501 1623 2589 1689 ab
2645 1624 2858 1711 signis

839 1725 1252 1791 discederent
1279 1748 1580 1813 quaeque
1610 1726 1892 1813 quisque
1931 1748 2160 1793 eorum
2192 1725 2534 1793 carissima
2572 1727 2851 1794 haberet

838 1829 925 1894 ab
982 1829 1478 1917 impedimentis
1543 1838 1768 1917 petere
1826 1835 2030 1918 atque
2092 1831 2386 1917 arripere
2453 1838 2858 1918 properaret,

837 1934 1122 1999 clamore
1166 1940 1235 2000 et
1280 1936 1442 2000 fletu
1488 1937 1716 2001 omnia
1759 1936 2268 2022 complerentur.
2890 1949 2962 1998 15

716 2045 815 2102 34
926 2039 1022 2105 At
1089 2039 1392 2106 barbaris
1450 2040 1800 2106 consilium
1867 2062 2000 2106 non
2064 2039 2304 2107 defuit.
2417 2039 2596 2108 Nam
2657 2045 2860 2109 duces

838 2165 1067 2219 eorum
1121 2148 1266 2209 tota
1324 2145 1464 2211 acie
1526 2145 1949 2232 pronuntiari
2010 2143 2370 2221 iusserunt,
2418 2167 2504 2211 ne
2564 2147 2713 2233 quis
2770 2147 2859 2213 ab

838 2248 979 2315 loco
1047 2248 1448 2316 discederet:
1524 2250 1791 2315 illorum
1860 2271 2000 2315 esse
2071 2248 2384 2336 praedam
2451 2254 2654 2337 atque
2723 2250 2860 2317 illis

839 2353 1164 2419 reservari
1219 2375 1672 2440 quaecumque
1725 2353 2012 2420 Romani
2058 2352 2520 2439 reliquissent3
2580 2355 2861 2440 proinde

783 2479 813 2526 2
839 2458 1064 2523 omnia
1134 2458 1204 2522 in
1267 2458 1549 2524 victoria
1607 2458 1825 2545 posita
1884 2457 2370 2523 existimarent.
2483 2453 2731 2547 [Erant
2789 2465 2861 2525 et
2887 2480 2959 2527 20

842 2561 1096 2629 virtute
1142 2566 1212 2629 et
1256 2585 1533 2629 numero
1577 2560 1924 2651 pugnandi
1968 2558 2215 2651 pares.]
2307 2559 2542 2627 Nostri
2587 2563 2861 2630 tametsi

841 2667 928 2732 ab
986 2667 1151 2733 duce
1209 2673 1279 2733 et
1337 2690 1379 2732 a
1430 2667 1708 2733 fortuna
1767 2667 2260 2746 deserebantur,
2311 2669 2538 2732 tamen
2597 2688 2861 2735 omnem

841 2793 1023 2859 spem
1065 2772 1302 2838 salutis
1340 2773 1411 2838 in
1444 2773 1698 2838 virtute
1733 2771 2093 2859 ponebant,
2123 2773 2194 2836 et
2224 2769 2532 2856 quotiens
2561 2793 2862 2860 quaeque

841 2878 1075 2943 cohors
1138 2882 1578 2963 procurrerat,
1638 2876 1725 2941 ab
1793 2897 1874 2941 ea
1929 2879 2124 2963 parte
2191 2896 2477 2963 magnus
2545 2897 2863 2943 numerus

789 3002 819 3051 3
844 2982 1138 3048 hostium
1166 2981 1465 3048 cadebat.
1555 2981 1706 3063 Qua
1735 3003 1807 3047 re
1835 2979 2302 3046 animadversa
2329 2979 2682 3045 Ambiorix
2712 3002 2861 3067 pro-
2887 3003 2954 3053 25

844 3087 1143 3153 nuntiari
1204 3086 1407 3164 iubet,
1461 3089 1541 3152 ut
1590 3084 1823 3173 procul
1875 3084 2012 3151 tela
2061 3083 2346 3151 coiciant
2404 3106 2536 3150 neu
2589 3085 2866 3171 propius

916 3227 946 3300 ξ
974 3229 1024 3283 6.
1060 3229 1284 3284 haberet.
1356 3228 1477 3284 The
1501 3226 1862 3298 subjunctive
1886 3226 1935 3283 is
1959 3227 2068 3283 due
2093 3229 2155 3283 to
2180 3224 2509 3282 Attraotion
2533 3225 2601 3282 of
2621 3224 2806 3282 Mood.

917 3302 1020 3366 34,
1047 3297 1076 3372 ξ
1101 3300 1151 3355 2.
1193 3302 1373 3355 Eram
1409 3342 1422 3354 .
1463 3341 1477 3356 .
1515 3343 1527 3356 .
1562 3317 1741 3370 pares.
1814 3298 1996 3355 These
2032 3297 2216 3355 words
2250 3313 2348 3353 are
2385 3296 2864 3354 untranslatable.

845 3371 979 3427 Two
1022 3370 1256 3427 inferior
1298 3370 1453 3427 MSS.
1498 3372 1641 3427 have
1675 3373 2016 3440 Ραρηαπιὶος
2055 3369 2167 3425 and
2205 3367 2259 3424 if
2286 3367 2404 3425 this
2441 3368 2679 3441 reading
2713 3387 2864 3426 were

846 3442 1117 3513 adopted,
1143 3443 1242 3498 the
1273 3442 1469 3499 literal
1496 3441 1838 3499 translation
1873 3441 1939 3498 of
1967 3444 2151 3497 Erunt
2186 3482 2200 3496 .
2238 3483 2253 3497 .
2293 3479 2309 3496 .
2345 3443 2520 3496 nostri
2549 3439 2734 3497 would
2769 3441 2864 3509 be,

851 3519 865 3543 ⁴
882 3515 1001 3571 Our
1026 3532 1158 3596 men
1181 3531 1329 3572 were
1359 3514 1587 3584 equally
1613 3513 1879 3570 matched
1907 3512 2071 3580 [with
2095 3513 2197 3571 the
2229 3510 2471 3595 enemy]·
2492 3509 2554 3568 in
2570 3511 2854 3597 ‚fighfin80

848 3586 988 3642 both
1039 3603 1101 3640 m
1151 3589 1373 3656 respect
1422 3586 1487 3642 of
1525 3603 1764 3657 contage
1811 3577 1929 3641 and
1978 3583 2283 3650 numbers)
2327 3600 2407 3649 or,
2453 3601 2515 3638 m
2565 3583 2863 3641 idiomata:

849 3655 1104 3740 English,
1133 3661 1145 3685 ‘
1163 3656 1279 3713 Our
1302 3674 1433 3714 men
1456 3675 1606 3751 were
1638 3675 1702 3712 as
1729 3658 1895 3713 brave
1930 3672 1994 3711 as
2020 3657 2157 3726 they
2180 3655 2297 3740 and
2324 3659 2428 3711 not
2460 3654 2863 3713 overmatehed

847 3731 1127 3863 23:33¹&
1153 3726 2058 3872 ἓῗῶῗέἑᾞῖωεῗῑρῇὲῃῖῗὲῖἷ
2075 3729 2469 3865 fffifffi‘ffissa
2488 3726 2865 3882 ἷῗὲῗῗξῖῗιῖ

848 3870 2162 4026 f.332‚¹².3.÷.0k1330.35‘::.2.·..missus
2185 3870 2300 3997 έέὲ
2319 3868 2868 4023 mmm

849 4015 948 4071 the
993 4015 1214 4084 subject
1252 4016 1318 4071 of
1354 4024 1508 4070 erant
1548 4016 1598 4071 is
1636 4019 1826 4078 nostri,
1864 4012 2084 4078 Caesar,
2123 4030 2186 4068 as
2221 4031 2306 4069 we
2350 4029 2482 4082 may
2524 4011 2678 4067 infer
2713 4012 2861 4068 from

850 4086 931 4154 iii,
956 4088 1041 4153 14,
1074 4084 1103 4158 ξ
1129 4087 1180 4154 8,
1199 4087 1387 4174 yould
1410 4087 1690 4170 certainly:
1716 4086 1859 4143 have
1884 4085 2013 4169 said
2029 4086 2167 4167 that
2185 4084 2246 4139 in
2266 4083 2467 4139 valonr
2489 4083 2590 4138 the
2616 4083 2864 4171 Romans

847 4175 1244 4298 ggggmsgcgaeo
1240 4177 1328 4285 {123
1342 4159 1529 4286 2333}
1550 4159 1739 4286 (ἓένῗτ
1749 4156 1991 4285 ιξεῗνὲυι)
2019 4158 2534 4284 ῗῐῖξῦἐέἅιῖῗιιέῗῗῗθ
2543 4164 2866 4283 οὲδΐιᾟὲἒ

848 4319 992 4358 were
1026 4319 1088 4356 as
1112 4300 1282 4356 brave
1305 4320 1369 4357 as
1392 4301 1491 4359 the
1518 4300 1781 4359 Romans.
1852 4299 1973 4356 The
1998 4301 2121 4355 first
2146 4298 2213 4354 of
2228 4298 2391 4356 these
2423 4315 2652 4354 reasons
2682 4316 2866 4355 seems

846 4377 907 4428 to
936 4389 1025 4427 me
1050 4372 1148 4428 the
1172 4372 1319 4429 best.
