3177 5166
956 296 1088 358 394
1524 294 1646 360 DE
1693 294 1976 361 BELLO
2023 293 2417 362 GALLICO

958 456 1196 523 fuisset
1255 458 1465 523 totius
1525 457 1784 525 Galliae
1854 455 2237 535 defectione,
2289 479 2487 544 quam
2556 455 2982 523 sustinuerat

953 561 1278 628 fidelitate
1338 567 1539 649 atque
1604 562 1876 629 auxiliis
1934 562 2318 650 provinciae
2375 561 2757 629 illius—his
2813 582 2979 627 con-

954 664 1149 732 fectis
1192 666 1392 733 rebus
1435 666 1522 732 ad
1554 666 1845 755 legiones
1886 665 1959 732 in
1996 666 2302 755 Belgium
2340 689 2410 733 se
2451 665 2701 755 recepit
2743 665 2977 731 hiber-

951 771 1273 858 navitque
1303 771 1853 839 Nemetocennae.

501 893 774 945 Commius
823 889 920 949 4⁸7
1037 874 1142 940 Ibi
1207 878 1545 963 cognoscit
1605 875 1980 945 Commium
2040 876 2432 943 Atrebatem
2502 874 2753 962 proelio
2814 897 2972 942 cum
2999 899 3027 946 5

498 960 709 1076 ffiffib
892 1010 922 1057 2
950 980 1254 1066 equitatu
1314 1004 1433 1048 suo
1492 982 1923 1049 contendisse.
2015 980 2193 1047 Nam
2257 1001 2412 1046 cum
2484 980 2824 1046 Antonius
2899 980 2972 1045 in

500 1092 770 1155 Antony’s
949 1087 1230 1153 hiberna
1301 1087 1596 1154 venisset
1667 1087 2036 1173 civitasque
2108 1084 2534 1152 Atrebatium
2603 1083 2676 1149 in
2749 1084 2973 1152 officio

499 1172 750 1223 convoys.
951 1195 1140 1270 esset,
1181 1191 1542 1273 Commius,
1580 1192 1697 1279 qui
1750 1197 1902 1279 post
1943 1190 2128 1257 illam
2174 1188 2704 1256 vulnerationem
2760 1211 2968 1276 quam

950 1318 1155 1383 supra
1181 1296 1711 1376 commemoravi,
1743 1317 2003 1383 semper
2031 1294 2116 1360 ad
2155 1316 2384 1360 omnes
2424 1298 2644 1360 motus
2683 1298 2970 1381 paratus

949 1401 1087 1467 suis
1109 1401 1369 1467 civibus
1398 1423 1537 1468 oese
1568 1405 1969 1482 consuesset,
1992 1423 2076 1467 ne
2105 1399 2380 1467 consilia
2401 1398 2557 1466 belli
2581 1400 2968 1486 quaerenti·
2993 1420 3054 1468 10

949 1506 1074 1572 bus
1103 1510 1335 1573 auctor
1365 1528 1700 1572 armorum
1732 1505 2002 1592 duxque
2032 1506 2305 1585 deesset,
2335 1510 2610 1591 parente
2643 1504 2968 1571 Romanis

947 1609 1222 1676 civitate
1256 1632 1408 1679 cum
1445 1609 1582 1677 suis
1619 1609 1956 1696 equitibus
1995 1608 2364 1677 latrociniis
2400 1632 2469 1675 se
2505 1630 2793 1695 suosque
2830 1609 2964 1675 ale-

947 1715 1065 1782 bat
1106 1714 1502 1802 infestisque
1552 1715 1908 1781 itineribus
1954 1720 2359 1783 commeatus
2410 1713 2800 1801 complures,
2845 1714 2964 1800 qui

944 1819 1536 1906 comportabantur
1564 1820 1636 1884 in
1669 1820 1948 1885 hiberna
1979 1820 2447 1900 Romanorum,
2473 1818 2959 1906 intercipiebat.

494 1942 796 1995 volusenus
818 1939 918 1998 48
1037 1923 1202 1990 Erat
1233 1914 1603 1992 attributus
1638 1926 1934 1992 Antonio
1972 1925 2350 2013 praefectus
2384 1925 2683 2012 equitum
2716 1923 2793 1992 C.
2831 1925 2962 1991 Vo-
2989 1941 3048 1988 15

489 2013 757 2126 ss‘ssffipffi
944 2029 1215 2096 lusenus
1283 2031 1685 2111 Quadratus,
1743 2031 1856 2118 qui
1917 2053 2067 2098 cum
2126 2054 2204 2098 eo
2261 2030 2660 2097 hibernaret.
2756 2030 2964 2097 Hunc

492 2141 787 2194 Commius.
946 2135 1282 2201 Antonius
1310 2135 1397 2201 ad
1427 2135 1958 2223 persequendum
1989 2135 2368 2222 equitatum
2398 2134 2691 2201 hostium
2717 2134 2960 2201 mittit.

887 2264 917 2311 2
945 2239 1317 2306 Volusenus
1364 2239 1449 2305 ad
1499 2262 1645 2305 eam
1694 2239 2014 2305 virtutem
2067 2261 2235 2325 quae
2286 2238 2642 2326 singularis
2692 2244 2843 2304 erat
2885 2238 2960 2304 in

944 2366 1022 2409 eo
1060 2365 1377 2432 magnum
1417 2343 1643 2410 odium
1686 2343 1971 2410 Commii
2011 2342 2435 2431 adiungebat,
2465 2365 2596 2430 quo
2634 2343 2962 2410 libentius

945 2447 1012 2513 id
1038 2448 1284 2514 faceret
1314 2448 1490 2534 quod
1511 2447 1983 2536 imperabatur.
2059 2448 2297 2534 Itaque
2326 2448 2664 2535 dispositis
2691 2447 2960 2515 insidiis
2986 2474 3047 2522 2⁰

943 2553 1205 2641 saepius
1228 2553 1483 2640 equites
1514 2553 1657 2619 eius
1679 2552 2032 2641 adgressus
2060 2551 2349 2620 secunda
2373 2551 2625 2640 proelia
2646 2551 2958 2620 faciebat.

886 2686 915 2735 3
942 2657 1336 2739 Novissime,
1375 2680 1524 2724 cum
1566 2657 2024 2724 vehementius
2081 2657 2593 2724 contenderetur
2633 2680 2710 2724 ac
2751 2656 2961 2725 Volu-

943 2784 1140 2827 senus
1181 2762 1392 2848 ipsius
1436 2762 1905 2849 intercipiendi
1944 2761 2228 2829 Commii
2258 2761 2624 2849 cupiditate
2657 2763 2961 2850 pertina-

943 2867 1083 2932 cius
1128 2889 1279 2931 eum
1320 2888 1470 2932 cum
1506 2867 1736 2953 paucis
1775 2866 2114 2941 insecutus
2147 2871 2339 2945 esset,
2370 2866 2482 2932 ille
2526 2871 2749 2933 autem
2789 2868 2962 2957 fuga

944 2970 1319 3036 vehementi
1374 2971 1782 3037 Volusenum
1836 2971 2258 3058 produxisset
2316 2971 2597 3059 longius,
2643 2971 2960 3041 inimicus
2987 2999 3048 3047 25

943 3076 1196 3141 homini
1227 3082 1499 3164 repente
1534 3099 1806 3143 suorum
1837 3077 2106 3143 invocat
2135 3076 2333 3142 fidem
2370 3081 2571 3162 atque
2605 3078 2959 3157 auxilium,

944 3203 1026 3246 ne
1071 3203 1192 3246 sua
1223 3180 1502 3247 vulnera
1548 3203 1666 3268 per
1704 3181 1901 3247 fidem
1945 3181 2260 3268 imposita
2303 3186 2692 3268 paterentur
2737 3184 2956 3272 impu-

943 3286 1106 3363 nita,
1138 3308 1585 3372 conversoque
1616 3307 1785 3372 equo
1818 3309 1887 3352 se
1912 3308 1952 3351 a
1981 3286 2217 3352 ceteris
2245 3286 2579 3353 incautius
2618 3290 2961 3374 permittit

886 3420 913 3467 4
942 3389 1013 3453 in
1052 3388 1483 3476 praefectum.
1577 3388 1862 3455 Faciunt
1891 3391 2012 3455 hoc
2054 3390 2229 3455 idem
2258 3412 2486 3456 omnes
2525 3391 2665 3457 eius
2694 3393 2961 3479 equites

940 3516 1314 3582 paucosque
1388 3498 1649 3560 nostros
1732 3499 2133 3561 convertunt
2212 3499 2414 3581 atque
2488 3495 2958 3582 insequuntur.
2984 3522 3046 3570 so

1012 3685 1175 3810 {⁸¹35}
1197 3706 1254 3791 'ss
1284 3668 1494 3793 ἀἷιιζῖἕῖἶ
1570 3666 1674 3793 gg‘e
1685 3664 1960 3793 ῗέᾈῧιῗὸιῖ
1984 3667 2059 3793 {in
2083 3736 2165 3804 iii,
2195 3735 2335 3820 ιη
2363 3738 2413 3795 3.

1013 3810 1176 3865 With
1206 3813 1513 3880 infestisque
1540 3812 1824 3864 itiam-ibus
1848 3813 1999 3864 must
2025 3810 2094 3865 be
2117 3808 2376 3880 supplied
2391 3814 2578 3877 fadis.

1010 3885 1117 3947 48,
1137 3879 1165 3954 ξ
1185 3882 1235 3936 4.
1264 3900 1563 3952 paucosque
1582 3889 1806 3937 nostros.
1867 3881 1894 3935 I
1912 3880 2063 3937 infer
2079 3880 2227 3936 from
2255 3879 2285 3955 ξ
2306 3882 2339 3936 3
2361 3883 2686 3953 (Volusenus
2705 3924 2719 3936 .
2749 3924 2764 3938 .
2791 3923 2807 3937 .
2833 3904 2958 3940 eum

933 3958 1135 4024 pauci
1143 3973 1171 4008 s
1202 3958 1478 4009 insecutus
1508 3953 1659 4023 esset)
1692 3952 1823 4008 that
1847 3971 2055 4023 paucos
2085 3951 2134 4006 is
2160 3952 2525 4024 emphasized
2548 3954 2664 4009 and
2688 3953 2823 4011 that
2854 3957 2958 4013 the

938 4027 1116 4082 words
1153 4043 1249 4080 are
1289 4023 1614 4094 equivalent
1649 4029 1709 4080 to
1755 4033 2062 4096 nostrosque
2095 4027 2191 4095 qui
2226 4032 2384 4080 erant
2411 4029 2601 4095 pauci.
2675 4026 2699 4080 I
2741 4026 2817 4082 do
2853 4035 2961 4085 not

940 4097 1109 4153 think
1129 4097 1259 4152 that
1281 4096 1538 4166 (Reperti
1557 4098 1717 4164 sunt)
1738 4100 2036 4167 complures
2053 4099 2228 4151 nostri
2247 4095 2306 4164 (i,
2325 4096 2414 4162 52,
2434 4096 2464 4170 ξ
2480 4098 2536 4164 5)
2558 4096 2607 4152 is
2624 4096 2958 4170 analogous,

943 4170 1029 4224 for
1053 4168 1216 4225 there
1241 4173 1414 4225 nostri
1436 4167 1483 4223 is
1510 4166 1889 4240 emphasized.
1961 4165 2250 4235 Certainly
2265 4187 2571 4240 paucosque
2594 4178 2806 4225 nostros
2821 4171 2962 4228 does

940 4245 1041 4296 not
1078 4258 1243 4296 mean
1277 4239 1376 4297 the
1414 4258 1569 4297 same
1608 4257 1672 4294 as
1696 4258 2001 4312 paucosque
2037 4243 2103 4295 de
2133 4244 2336 4296 nostmzs
2373 4240 2466 4309 (cf.
2496 4240 2533 4306 i,
2563 4241 2647 4306 15,
2676 4238 2705 4314 ξ
2734 4243 2832 4312 2);
2869 4243 2965 4300 for

937 4311 1301 4368 Volusenus's
1329 4312 1439 4369 few
1464 4316 1720 4383 troopers
1742 4329 1891 4369 were
1917 4311 2211 4383 evidently
2235 4310 2316 4367 all
2341 4315 2447 4384 put
2470 4317 2532 4368 to
2557 4312 2742 4386 flight.

1010 4383 1508 4451 convertunt,—-i.e.
1540 4387 1829 4454 insuyam.
