3177 5166
888 271 1622 340 COMMENTARIUS
1665 274 1700 339 I
2223 280 2307 342 23

298 432 493 497 rebus
538 454 747 497 unum
794 435 1229 520 repugnabat,
1264 436 1441 522 quod
1483 436 1808 503 Diviciaci
1855 436 2087 504 fratris
2130 461 2307 504 sum-

295 558 480 601 mum
521 537 593 602 in
634 539 952 624 populum
995 539 1367 606 Romanum
1411 540 1730 623 studium,
1765 563 2090 607 summam
2131 543 2203 607 in
2237 565 2306 610 se

297 640 734 724 voluntatem,
773 642 1107 730 egregiam
1153 644 1370 726 fidem,
1412 645 1760 726 iustitiam,
1795 641 2306 733 temperantiam

293 750 735 833 cognoverat3
779 768 935 811 nam
977 770 1061 816 ne
1099 747 1241 813 eius
1280 748 1606 835 supplicio
1644 749 1965 816 Diviciaci
2008 750 2304 815 animum

230 875 263 920 5
293 850 660 916 offenderet
708 850 1084 920 verebatur.
1173 853 1412 938 Itaque
1461 853 1651 941 prius
1701 876 1899 940 quam
1953 855 2306 942 quicquam
2335 869 2365 917 3

293 958 667 1033 conaretur,
700 954 1116 1021 Diviciacum
1152 956 1238 1021 ad
1273 978 1342 1022 se
1375 957 1596 1022 vocari
1628 957 1813 1022 iubet
1841 961 1928 1036 et,
1956 958 2308 1023 cotidianis

299 1058 779 1145 interpretibus
838 1060 1130 1142 remotis,
1180 1081 1299 1146 per
1359 1058 1434 1127 C.
1485 1060 1826 1126 Valerium
1886 1061 2306 1140 Troucillum,

294 1163 660 1249 principem
714 1161 969 1228 Galliae
1027 1164 1426 1249 provinciae,
1476 1164 1874 1230 familiarem
1933 1187 2146 1244 suum,
2198 1165 2309 1231 cui

293 1287 622 1331 summam
663 1268 959 1332 omnium
1002 1289 1224 1333 rerum
1265 1268 1463 1334 fidem
1507 1268 1815 1350 habebat,
1844 1291 1994 1335 cum
2039 1291 2116 1334 eo
2154 1291 2307 1335 con-

193 1383 267 1430 10
294 1370 595 1456 loquitur
614 1391 631 1451 ;
675 1371 873 1436 simul
914 1372 1420 1438 commonefacit
1460 1394 1630 1458 quae
1671 1374 1814 1460 ipso
1850 1378 2196 1460 praesente
2235 1374 2307 1437 in
2334 1386 2363 1432 4

293 1474 572 1541 concilio
646 1472 1051 1566 [Gallorum]
1124 1476 1205 1542 de
1280 1476 1693 1564 Dumnorige
1761 1477 1899 1543 sint
1972 1478 2170 1555 dicta,
2239 1481 2308 1543 et

293 1578 590 1645 ostendit
612 1600 781 1664 quae
811 1579 1170 1666 separatim
1202 1580 1482 1667 quisque
1512 1579 1595 1645 de
1626 1602 1702 1646 eo
1732 1581 1910 1667 apud
1940 1603 2009 1648 se
2039 1581 2305 1647 dixerit.

296 1682 478 1748 Petit
505 1687 707 1771 atque
747 1683 1059 1749 hortatur
1095 1690 1174 1749 ut
1208 1683 1351 1749 sine
1387 1683 1530 1749 eius
1559 1684 1919 1750 offensione
1961 1685 2168 1749 animi
2198 1684 2304 1750 vel
2332 1704 2362 1752 5

293 1787 435 1873 ipse
465 1785 546 1851 de
576 1808 655 1851 eo
684 1807 883 1852 causa
912 1787 1180 1873 cognita
1208 1791 1470 1853 statuat
1500 1787 1606 1852 vel
1638 1788 1981 1854 civitatem
2012 1793 2307 1855 statuere

192 1907 262 1955 15
291 1890 538 1956 iubeat.

383 1993 764 2060 Diviciacus
795 1994 1027 2060 multis
1055 2016 1206 2060 cum
1230 1994 1520 2060 lacrimis
1544 1995 1894 2060 Caesarem
1924 1996 2307 2083 complexus
2334 2015 2430 2072 20
2449 2014 2543 2063 but
2553 2016 2762 2077 :coepta

293 2097 636 2164 obsecrare
679 2099 897 2185 coepit
940 2121 1024 2163 ne
1077 2099 1237 2185 quid
1288 2098 1563 2185 gravius
1608 2099 1679 2163 in
1724 2097 2002 2164 fratrem
2055 2103 2307 2165 statue-

294 2208 435 2267 ret:
482 2202 649 2270 scire
694 2224 764 2268 se
795 2201 912 2268 illa
948 2224 1088 2268 esse
1120 2225 1296 2280 vera,
1327 2224 1446 2268 nec
1492 2223 1890 2288 quemquam
1922 2225 2005 2268 ex
2037 2224 2114 2268 eo
2158 2202 2309 2290 plus
2334 2224 2365 2272 2

293 2327 495 2391 quam
555 2328 625 2371 se
683 2306 930 2372 doloris
987 2328 1237 2393 capere,
1292 2310 1644 2392 propterea
1702 2306 1896 2391 quod,
1953 2328 2102 2372 cum
2167 2306 2308 2393 ipse

189 2440 261 2487 20
290 2409 515 2495 gratia
571 2410 935 2496 plurimum
988 2410 1169 2475 domi
1228 2415 1431 2494 atque
1483 2409 1554 2473 in
1607 2409 1864 2495 reliqua
1916 2409 2152 2490 Gallia,
2196 2409 2307 2474 ille

294 2513 648 2579 minimum
687 2518 961 2602 propter
988 2513 1507 2580 adulescentiam
1546 2518 1790 2600 posset,
1821 2535 1941 2600 per
1968 2535 2037 2580 se
2066 2513 2307 2580 crevis-

293 2623 432 2697 set3
486 2618 729 2704 quibus
770 2618 1008 2705 opibus
1052 2640 1128 2685 ac
1178 2618 1403 2684 nervis
1443 2640 1577 2683 non
1623 2617 1835 2683 solum
1878 2618 1964 2683 ad
2006 2619 2306 2683 minuen-
2334 2639 2364 2687 3

292 2721 450 2786 dam
488 2721 797 2807 gratiam,
828 2721 945 2787 sed
984 2744 1193 2808 paene
1232 2722 1318 2787 ad
1360 2722 1718 2810 perniciem
1760 2745 1950 2788 suam
1989 2726 2306 2788 uteretur.

293 2824 455 2890 Sese
487 2829 712 2891 tamen
754 2830 823 2891 et
861 2846 1086 2891 amore
1127 2824 1428 2891 fraterno
1472 2831 1540 2892 et
1585 2827 2079 2892 existimatione
2120 2825 2306 2912 vulgi

190 2963 262 3011 25
292 2928 712 2995 commoveri.
804 2928 997 3008 Quod
1037 2929 1095 2994 si
1136 2930 1296 3015 quid
1337 2929 1397 2995 ei
1440 2951 1482 2994 a
1512 2928 1795 2997 Caesare
1823 2929 2099 3015 gravius
2138 2928 2305 2994 acci-
2334 2953 2363 2999 4

293 3031 522 3110 disset,
540 3053 690 3098 cum
724 3032 863 3119 ipse
888 3054 1036 3099 eum
1058 3033 1272 3098 locum
1304 3033 1637 3099 amicitiae
1659 3033 1838 3120 apud
1862 3054 2013 3098 eum
2032 3037 2307 3109 teneret,

364 3173 456 3238 19,
485 3168 515 3243 ξ
543 3170 592 3226 3.
640 3172 934 3227 Valerium.
1008 3171 1313 3228 Doubtless
1349 3170 1467 3229 this
1498 3171 1834 3244 interpreter
1858 3171 1973 3227 had
2006 3171 2182 3227 taken
2206 3172 2305 3227 the

291 3259 464 3298 name
487 3241 552 3298 of
570 3240 663 3296 his
686 3242 907 3298 Roman
931 3246 1159 3314 patron.

356 3317 670 3396 principem
700 3315 915 3369 Galliae
930 3318 1246 3384 pmm‘nciae
1268 3332 1450 3372 seems
1475 3318 1535 3371 to
1562 3331 1728 3370 mean
1747 3313 1958 3386 simply
1985 3316 1998 3341 ⁸
2015 3330 2052 3368 a
2075 3313 2309 3386 leading

293 3384 614 3456 provincial
632 3385 677 3439 ἐ
728 3385 792 3439 in
836 3384 1003 3442 other
1042 3385 1240 3452 words,
1284 3390 1590 3457 principem
1626 3386 1758 3442 does
1806 3390 1910 3442 not
1956 3385 2169 3442 denote
2208 3385 2307 3442 the

294 3456 502 3513 holder
523 3457 590 3512 of
606 3474 643 3513 a
668 3456 1031 3529 magistracy.
1103 3456 1208 3513 See
1233 3458 1334 3514 the
1359 3457 1564 3513 second
1590 3460 1724 3513 note
1749 3474 1823 3512 on
1848 3457 1897 3523 3,
1982 3458 2033 3512 5.

364 3526 463 3600 §4.
489 3531 659 3584 simul
677 3528 812 3585 does
830 3532 935 3585 not
953 3528 1102 3584 refer
1119 3531 1180 3584 to
1196 3530 1291 3585 the
1309 3528 1621 3599 preceding
1632 3532 1917 3595 sentence,
1968 3531 2308 3584 utconnects

292 3603 697 3670 commonefacit
712 3599 852 3656 with
867 3608 915 3656 ot
934 3602 1177 3655 ostendit.

368 3671 580 3728 Meusel
616 3672 694 3743 (J.
718 3674 806 3739 B.,
853 3672 1012 3738 1910,
1054 3690 1110 3743 p.
1149 3671 1243 3738 63)
1286 3669 1541 3727 brackets
1593 3672 1893 3737 Gallorum,
1929 3669 2168 3727 because
2206 3671 2305 3727 the

292 3743 582 3799 narrative
599 3742 788 3799 which
812 3743 884 3800 be
931 3742 1017 3797 ‘ns
1038 3746 1102 3798 at
1120 3743 1205 3810 16,
1220 3740 1250 3815 ξ
1266 3743 1300 3796 5
1319 3744 1499 3798 shows
1516 3742 1649 3798 that
1671 3742 1773 3799 the
1798 3741 2053 3814 meeting
2069 3759 2181 3797 was
2203 3746 2307 3798 not

292 3814 563 3871 attended
605 3813 680 3885 by
720 3831 831 3886 any
876 3760 1053 3870 ffiuls
1094 3815 1301 3885 except
1341 3812 1540 3870 Aedui.
1614 3812 1685 3880 If,
1726 3814 1802 3870 he
1847 3831 1990 3885 says,
2035 3830 2118 3870 we
2160 3813 2305 3869 omit

297 3888 604 3954 Gallorum,
633 3886 735 3943 the
766 3884 1043 3957 meaning
1075 3884 1126 3939 is
1155 3884 1595 3952 unmistakable‚
1619 3885 1870 3941 whereas
1897 3886 1999 3941 the
2025 3884 2304 3942 insertion

292 3956 360 4012 of
378 3957 478 4014 the
503 3956 660 4013 word
693 3955 881 4029 might
904 3960 1140 4029 suggest
1170 3957 1303 4012 that
1335 3956 1502 4012 other
1530 3954 1719 4012 Gallio
1743 3956 1918 4011 tribes
1941 3973 2084 4012 were
2120 3973 2305 4028 repre·

294 4028 497 4084 oented
529 4032 592 4085 at
624 4029 725 4085 the
759 4028 1032 4100 meeting.
1105 4028 1358 4099 Perhaps
1391 4027 1598 4084 Caesar
1621 4030 1794 4084 wrote
1831 4030 2117 4083 Gallorum
2156 4043 2307 4083 care·

292 4098 497 4169 lessly;
532 4101 638 4156 but
663 4100 762 4157 the
786 4100 939 4156 word
964 4100 1013 4155 is
1038 4102 1102 4155 at
1123 4101 1270 4155 least
1294 4098 1627 4170 suspicions.
1699 4097 2029 4166 Mommsen,
2048 4098 2306 4156 however

297 4171 374 4239 (J.
384 4173 468 4238 B.‚
492 4171 648 4238 1894,
666 4190 721 4297 p.
749 4171 897 4241 201),
914 4171 1150 4228 defends
1172 4171 1221 4226 it
1245 4188 1320 4226 on
1344 4170 1444 4227 the
1467 4169 1693 4242 ground
1721 4170 1848 4225 that
1873 4169 2076 4227 Caesar
2093 4169 2304 4225 wished

292 4246 357 4298 to
382 4241 548 4299 make
573 4242 622 4299 it
640 4261 668 4299 c
696 4260 797 4300 ear
818 4244 951 4299 that
970 4242 1286 4299 Dumnorix
1311 4241 1426 4297 had
1444 4242 1593 4297 been
1613 4241 1945 4298 denounced
1969 4242 2048 4313 by
2066 4241 2155 4296 his
2180 4258 2304 4298 own

290 4318 680 4385 countrymen.

2449 2079 2543 2128 the
2565 2079 2734 2128 inter-

2449 2145 2658 2194 cession
2681 2144 2744 2193 of

2451 2210 2684 2259 Divicia-

2450 2291 2560 2338 cus,
2589 2275 2722 2339 only

2450 2342 2670 2405 placing

2453 2408 2759 2457 Dumnorix

2449 2473 2629 2523 under
2645 2488 2708 2523 su
2716 2489 2763 2523 ι·-

2449 2539 2733 2593 veillance.
