3177 5166
791 342 1521 411 COMMENTARIUS
1570 343 1743 410 VIII
2151 343 2282 408 379

360 505 543 572 Haec
571 508 918 574 orantibus
946 508 1185 597 legatis
1224 513 1694 575 commemorat
1723 507 2005 575 Caesar:
2053 508 2281 574 eodem
2309 514 2403 571 22

272 615 568 698 tempore
611 613 946 700 superiore
987 636 1163 680 anno
1193 614 1574 681 Bellovacos
1615 619 1995 701 ceterasque
2026 613 2282 678 Galliae

272 716 581 783 civitates
644 719 1007 807 suscepisse
1076 719 1357 800 bellum3
1431 718 1953 806 pertinacissime
2013 720 2134 784 hos
2198 741 2283 783 ex

273 821 579 887 omnibus
607 822 679 886 in
709 823 1044 889 sententia
1081 823 1519 911 permansisse
1555 845 1769 910 neque
1799 823 1885 889 ad
1926 823 2283 888 sanitatem

212 939 244 987 5
274 926 676 1012 reliquorum
709 927 1045 994 deditione
1091 950 1229 994 esse
1258 929 1626 1015 perductos
1717 928 1900 995 Scire
1943 931 2144 1014 atque
2180 928 2282 992 in·
2309 937 2341 989 2

275 1030 586 1119 tellegere
615 1055 685 1098 se
715 1055 982 1100 causam
1013 1033 1264 1120 peccati
1306 1034 1616 1100 facillime
1648 1034 1930 1099 mortuis
1971 1032 2282 1120 delegari.

274 1133 625 1201 Neminem
659 1157 816 1202 vero
860 1140 1126 1203 tantum
1172 1138 1419 1224 pollere
1454 1141 1534 1203 ut
1576 1138 1812 1204 invitis
1855 1137 2285 1225 principibus,

275 1239 624 1307 resistente
720 1245 976 1322 senatu,
1059 1242 1367 1307 omnibus
1461 1243 1655 1309 bonis
1756 1242 2286 1330 repugnantibus

274 1343 540 1410 infirma
569 1369 771 1412 manu
801 1347 1013 1433 plebis
1044 1347 1290 1413 bellum
1327 1348 1659 1414 concitare
1690 1351 1759 1413 et
1786 1369 2015 1434 gerere
2045 1350 2283 1433 posset.

179 1463 245 1510 10
277 1447 407 1514 Sed
437 1454 661 1516 tamen
692 1474 762 1518 se
797 1456 1183 1518 contentum
1217 1452 1360 1518 fore
1400 1475 1480 1518 ea
1508 1474 1723 1539 poena
1764 1473 1963 1537 quam
1999 1451 2128 1516 sibi
2159 1450 2285 1537 ipsi

273 1556 782 1623 contraxissent.

362 1659 574 1726 Nocte
620 1660 995 1748 insequenti
1039 1661 1244 1749 legati
1282 1683 1596 1747 responsa
1639 1662 1724 1727 ad
1771 1682 1924 1727 suos
1967 1661 2287 1738 referunt,
2315 1668 2410 1725 23

274 1763 534 1830 obsides
563 1766 939 1831 conficiunt.
1030 1764 1456 1832 Concurrunt
1486 1767 1894 1852 reliquarum
1935 1766 2286 1832 civitatum

274 1868 497 1955 legati,
558 1892 728 1956 quae
794 1869 1292 1936 Bellovacorum
1360 1869 1878 1959 speculabantur
1950 1876 2283 1936 eventum.

179 1985 245 2034 15
275 1973 558 2040 Obsides
589 1975 771 2054 dant,
795 1976 1121 2063 imperata
1145 1975 1421 2056 faciunt,
1448 1982 1725 2062 excepto
1755 1974 2074 2053 Commi0,
2092 1998 2285 2062 quem
2314 1993 2343 2040 2

275 2080 479 2145 timor
528 2081 925 2167 prohibebat
975 2083 1364 2169 cuiusquam
1418 2081 1573 2146 fidei
1632 2103 1820 2146 suam
1875 2081 2288 2146 committere

275 2185 578 2252 salutem.
667 2186 844 2251 Nam
891 2188 1227 2273 superiore
1273 2209 1448 2253 anno
1492 2187 1566 2252 T.
1614 2185 1964 2266 LabienuS,
2006 2184 2288 2252 Caesare
2317 2200 2347 2247 3

276 2288 345 2352 in
378 2288 595 2355 Gallia
627 2290 931 2356 citeriore
974 2292 1079 2358 ius
1118 2291 1396 2370 dicente,
1427 2313 1577 2357 cum
1611 2289 1986 2357 Commium
2028 2312 2288 2377 compe-

275 2394 473 2459 risset
542 2395 896 2461 sollicitare
955 2397 1266 2463 civitates
1336 2402 1404 2462 et
1472 2396 1997 2463 coniurationem
2057 2400 2290 2460 contra

181 2511 249 2557 20
277 2496 629 2564 Caesarem
676 2500 909 2577 facere,
938 2501 1404 2567 infidelitatem
1451 2501 1593 2566 eius
1639 2501 1781 2566 sine
1825 2500 1967 2566 ulla
2011 2499 2290 2588 perfidia

275 2603 601 2669 iudicavit
654 2606 996 2692 comprimi
1049 2629 1255 2694 posse.
1345 2606 1558 2686 Quem
1610 2606 1769 2693 quia
1818 2628 1952 2671 non
2007 2605 2288 2670 arbitra·
2317 2614 2346 2662 4

275 2708 477 2773 batur
538 2715 844 2775 vocatum
906 2711 975 2775 in
1047 2717 1269 2777 castra
1328 2715 1708 2788 venturum,
1761 2732 1845 2776 ne
1900 2709 2291 2797 temptando

275 2813 637 2879 cautiorem
691 2813 958 2895 faceret,
1009 2814 1084 2883 C.
1135 2816 1543 2882 Volusenum
1606 2815 2025 2896 Quadratum
2089 2814 2291 2886 misit,

276 2918 391 3002 qui
439 2939 590 2984 eum
633 2940 755 3006 per
797 2920 1289 2987 simulationem
1335 2920 1668 3007 conloquii
1723 2924 1984 2986 curaret
2036 2918 2289 2982 interfi-

182 3044 249 3093 25
275 3023 602 3090 ciendum.
694 3024 802 3090 Ad
850 3047 995 3090 eam
1045 3047 1183 3090 rem
1232 3025 1520 3090 delectos
1569 3025 1841 3089 idoneos
1896 3023 1955 3089 ei
2010 3021 2294 3087 tradidit

277 3128 712 3195 centuriones
802 3129 972 3197 Cum
1032 3131 1106 3195 in
1168 3130 1588 3216 conloquium
1645 3134 1924 3194 ventum
1976 3131 2148 3193 esset
2207 3130 2292 3203 et,
2318 3136 2348 3185 5

276 3239 356 3298 ut
384 3239 802 3311 convenerat,
833 3257 1105 3301 manum
1147 3234 1433 3302 Commii
1464 3235 1839 3300 Volusenus
1882 3231 2293 3320 arripuisset,

279 3339 579 3403 centurio
612 3339 715 3404 vel
757 3340 1021 3406 insueta
1046 3362 1131 3405 re
1172 3344 1512 3427 permotus
1546 3340 1652 3405 vel
1689 3339 1993 3406 celeriter
2027 3360 2067 3403 a
2099 3337 2291 3402 fami-

278 3441 557 3508 liaribus
614 3443 993 3530 prohibitus
1046 3443 1348 3522 Commii,
1394 3445 1711 3511 conficere
1763 3444 2098 3509 hominem
2158 3464 2293 3507 non

189 3560 252 3606 30
280 3547 535 3633 potuit;
596 3549 898 3635 graviter
937 3553 1162 3615 tamen
1206 3549 1424 3636 primo
1464 3551 1604 3615 ictu
1643 3549 1868 3636 gladio
1903 3552 2105 3636 caput
2145 3570 2292 3635 per-

280 3653 502 3718 cussit.
591 3651 762 3719 Cum
822 3653 1159 3741 utrimque
1227 3654 1435 3740 gladii
1507 3653 1808 3720 destricti
1870 3657 2108 3730 essent,
2161 3675 2292 3718 non
2321 3673 2351 3720 6

281 3762 420 3822 tam
493 3758 834 3845 pugnandi
911 3780 1109 3844 quam
1185 3758 1582 3845 diffugiendi
1651 3758 1789 3823 fuit
1860 3762 2296 3842 utrorumque

282 3862 665 3927 consilium:
725 3868 1122 3940 nostrorum,
1164 3862 1340 3949 quod
1385 3862 1733 3928 mortifero
1778 3862 2054 3927 vulnere
2100 3859 2295 3927 Com-

356 4071 461 4136 22,
497 4067 527 4141 ξ
557 4068 605 4124 1.
645 4070 820 4124 eodem
858 4077 1092 4138 tempore
1118 4110 1131 4124 .
1159 4108 1173 4122 .
1205 4108 1218 4123 .
1246 4068 1459 4123 bellum.
1530 4067 1610 4122 Aa
1643 4068 1734 4124 far
1766 4086 1829 4123 as
1865 4084 1948 4123 we
1981 4065 2168 4135 know,
2196 4068 2296 4124 the

286 4140 573 4197 Bellovaci
599 4140 712 4195 had
739 4143 842 4196 not
868 4139 1044 4195 taken
1071 4157 1146 4211 up
1173 4157 1323 4195 arms
1349 4139 1409 4194 in
1435 4139 1505 4193 52
1534 4153 1653 4195 Β.ο.
1685 4138 1835 4194 until
1862 4138 2013 4195 after
2044 4139 2297 4196 Caesar’s

283 4211 479 4268 defeat
521 4215 583 4267 at
627 4210 922 4283 Gergovia,
965 4211 1209 4282 perhaps
1251 4214 1352 4266 not
1390 4209 1544 4266 until
1586 4211 1739 4268 after
1777 4210 1877 4267 the
1916 4209 2193 4268 blockade
2238 4212 2304 4268 of

282 4282 478 4339 Alesia
503 4282 616 4338 had
641 4283 829 4355 begun
860 4282 977 4352 (vii,
1006 4283 1092 4352 59,
1120 4281 1149 4356 ξ
1177 4284 1209 4337 5
1235 4305 1249 4350 ;
1288 4282 1375 4351 75,
1402 4279 1431 4354 ξ
1460 4283 1535 4348 5).

354 4354 384 4429 ξ
410 4356 459 4411 2.
501 4358 655 4411 bonis
678 4354 726 4409 is
751 4355 886 4411 used
912 4354 974 4408 in
1002 4354 1101 4410 the
1128 4368 1287 4410 sense
1309 4354 1373 4409 in
1394 4352 1582 4408 which
1605 4351 1800 4410 Cicero
1821 4352 2148 4425 frequently
2170 4373 2296 4412 uses

284 4426 362 4485 it:
400 4428 447 4482 it
473 4443 667 4483 means
694 4424 1049 4498 respectable
1073 4424 1326 4496 citizens,
1351 4424 1568 4482 friends
1594 4425 1659 4481 of
1679 4425 1786 4481 law
1809 4426 1922 4481 and
1946 4425 2127 4487 order.
