3177 5166
918 227 1053 344 296
1484 274 1609 342 DE
1655 275 1946 345 BELLo
1990 275 2380 345 amco

919 440 1122 505 etiam
1164 439 1325 527 ipsis
1364 440 1728 521 remittere,
1755 440 1813 506 si
1856 440 1986 506 sibi
2027 441 2240 528 magis
2283 440 2600 508 honorem
2641 442 2946 508 tribuere

866 568 895 618 ε
922 566 1121 631 quam
1172 544 1259 610 ab
1309 566 1380 610 se
1430 544 1714 610 salutem
1767 544 2061 631 accipere
2115 544 2488 612 videantur.
2581 556 2597 582 ‘
2619 545 2808 613 Haec
2858 552 2946 612 ut

923 648 1330 737 intellegatis
1349 648 1387 727 ’,
1416 648 1656 735 inquit,
1688 657 1703 686 ‘
1722 671 1765 715 a
1793 671 1899 715 me
1933 649 2187 715 sincere
2230 651 2675 736 pronuntiari,
2705 650 2942 717 audite

866 770 897 817 9
923 753 1256 819 Romanos
1314 752 1600 819 milites!
1690 754 2007 820 Producit
2065 776 2310 835 servos,
2358 777 2523 841 quos
2583 756 2656 821 in
2726 755 2942 844 pabu—

925 857 1172 924 latione
1214 857 1444 945 paucis
1485 863 1644 924 ante
1689 858 1924 925 diebus
1970 863 2321 945 exceperat
2364 864 2434 926 et
2477 859 2659 926 fame
2703 861 2940 927 vincu-
2970 875 3000 924 5

838 976 900 1024 ιο
926 962 1137 1049 lisque
1209 962 1725 1029 excruciaverat.
1838 963 1932 1028 Hi
2005 963 2141 1029 iam
2221 969 2380 1030 ante
2461 964 2680 1031 edocti
2772 986 2946 1051 quae

925 1066 1319 1154 interrogati
1363 1066 1898 1153 pronuntiarent,
1938 1066 2185 1134 milites
2232 1090 2303 1134 se
2353 1090 2494 1134 esse
2541 1068 2948 1156 legionarios

927 1171 1194 1251 dicunt3
1252 1170 1431 1236 fame
1478 1173 1681 1257 atque
1725 1170 1952 1259 inopia
1996 1171 2319 1238 adductos
2360 1172 2531 1239 clam
2577 1195 2664 1238 ex
2703 1172 2950 1239 castris

928 1275 1160 1354 exisse,
1188 1275 1244 1340 si
1292 1274 1454 1360 quid
1490 1273 1811 1339 frumenti
1858 1279 1979 1342 aut
2017 1276 2274 1362 pecoris
2315 1276 2388 1342 in
2431 1276 2613 1365 agris
2653 1277 2951 1363 reperire

841 1399 900 1447 11
928 1382 1228 1466 possent3
1287 1377 1487 1444 simili
1540 1400 1803 1444 omnem
1856 1379 2221 1445 exercitum
2276 1380 2503 1467 inopia
2551 1381 2786 1467 premi,
2826 1402 2950 1448 nec
2976 1401 3038 1448 10

929 1485 1062 1549 iam
1094 1482 1272 1548 vires
1300 1481 1597 1549 sufficere
1625 1483 2014 1569 cuiusquam
2044 1505 2165 1550 nec
2193 1483 2371 1550 ferre
2400 1484 2619 1571 operis
2649 1485 2948 1551 laborem

930 1609 1153 1675 posse3
1215 1586 1443 1673 itaque
1489 1586 1804 1653 statuisse
1852 1588 2338 1674 imperatorem,
2376 1589 2436 1654 si
2487 1588 2659 1653 nihil
2705 1588 2777 1653 in
2830 1611 2951 1675 op—

931 1691 1338 1779 pugnatione
1391 1691 1619 1778 oppidi
1678 1690 2078 1777 profecisset,
2122 1691 2347 1758 triduo
2406 1693 2777 1759 exercitum
2838 1693 2951 1757 de-

844 1822 905 1869 12
931 1797 1187 1863 ducere.
1281 1803 1296 1832 ‘
1317 1794 1502 1862 Haec
1522 1797 1554 1873 ⁹,
1584 1796 1823 1881 inquit,
1853 1802 1869 1831 ‘
1890 1817 1932 1861 a
1961 1818 2066 1862 me
2087 1795 2121 1872 ’,
2151 1795 2684 1884 Vercingetorix,
2715 1797 2950 1862 ‘bene-

932 1902 1085 1967 ficia
1113 1900 1391 1977 habetis,
1421 1922 1618 1987 quem
1647 1900 2044 1988 proditionis
2074 1899 2495 1978 insimulatis,
2523 1900 2715 1967 cuius
2748 1923 2954 1988 opera
2979 1924 3038 1972 15

933 2006 1076 2072 sine
1107 2010 1328 2071 vestro
1355 2004 1680 2091 sanguine
1712 2009 1978 2070 tantum
2015 2003 2382 2072 exercitum
2415 2004 2738 2071 victorem
2770 2004 2952 2071 fame

933 2132 1141 2198 paene
1184 2114 1650 2195 consumptum
1683 2108 1962 2188 videtis3
2010 2130 2206 2196 quem
2251 2110 2544 2196 turpiter
2586 2131 2658 2175 se
2698 2132 2785 2175 ex
2827 2110 2952 2176 hac

934 2215 1100 2302 fuga
1144 2213 1568 2300 recipientem
1617 2235 1700 2279 ne
1744 2234 1876 2299 qua
1919 2212 2160 2281 civitas
2203 2212 2341 2279 suis
2383 2213 2631 2279 finibus
2672 2213 2954 2301 recipiat

935 2341 978 2385 a
1005 2340 1111 2384 me
1140 2317 1481 2406 provisum
1513 2316 1650 2382 est.'

501 2445 655 2507 They
678 2460 755 2493 re-
814 2435 906 2491 21
1025 2421 1415 2489 Conclamat
1482 2421 1698 2487 omnis
1766 2419 2130 2486 multitudo
2200 2425 2269 2486 et
2326 2440 2448 2486 suo
2506 2442 2689 2486 more
2747 2421 2954 2486 armis
2977 2449 3033 2494 20

504 2526 650 2627 &iffi
666 2511 748 2627 ἐξ
937 2532 1305 2615 concrepat,
1349 2525 1523 2613 quod
1580 2524 1797 2592 facere
1850 2524 1921 2590 in
1975 2546 2051 2591 eo
2102 2530 2505 2592 consuerunt
2554 2525 2748 2593 cuius
2806 2547 2952 2592 ora·

502 2644 814 2695 clamation.
939 2632 1186 2698 tionem
1258 2630 1665 2718 adprobant:
1740 2651 2072 2695 summum
2139 2652 2279 2695 esse
2339 2629 2950 2719 Vercingetorigem

940 2736 1192 2812 ducem,
1233 2756 1352 2801 nec
1396 2734 1477 2800 de
1522 2733 1666 2800 eius
1712 2733 1841 2798 fide
1886 2732 2349 2814 dubitandum,
2387 2755 2509 2800 nec
2553 2733 2806 2799 maiore
2850 2756 2954 2799 ra-

885 2861 916 2910 2
942 2840 1122 2907 tione
1156 2839 1396 2904 bellum
1428 2837 1883 2904 administrari
1916 2858 2123 2924 posse.
2200 2837 2532 2903 Statuunt
2561 2840 2642 2903 ut
2675 2837 2734 2902 X
2770 2838 2956 2904 milia

942 2942 1283 3009 hominum
1314 2941 1570 3008 delecta
1610 2965 1694 3008 ex
1734 2941 2040 3007 omnibus
2083 2941 2289 3029 copiis
2332 2942 2405 3006 in
2434 2941 2754 3028 oppidum
2803 2943 3032 3021 sub-25

889 3069 917 3117 3
944 3047 1321 3124 mittantur,
1367 3068 1488 3112 nec
1538 3045 1697 3111 solis
1740 3045 2161 3133 Biturigibus
2210 3066 2626 3111 communem
2671 3047 2955 3113 salutem

943 3150 1486 3217 committendam
1539 3152 1826 3229 censent,
1872 3148 2050 3235 quod
2101 3170 2303 3236 penes
2362 3171 2493 3229 eos,
2537 3149 2595 3214 si
2641 3149 2714 3215 id
2773 3152 2955 3238 oppi-

943 3278 1192 3333 omnibus
1220 3277 1411 3331 Gallis.
1486 3275 1511 3329 I
1551 3273 1624 3330 do
1663 3277 1768 3330 not
1802 3272 1916 3329 feel
1955 3274 2055 3330 the
2092 3272 2403 3346 difficult53
2442 3272 2558 3329 and
2596 3273 2700 3332 the
2729 3279 2959 3334 context

944 3366 1126 3405 seems
1150 3350 1211 3403 to
1235 3346 1388 3402 show
1408 3345 1542 3401 that
1567 3346 1666 3402 the
1693 3362 1951 3416 pronoun
1980 3344 2027 3400 is
2052 3343 2325 3417 singular.

1015 3422 1320 3474 videantur.
1397 3417 1501 3473 See
1526 3418 1628 3473 the
1652 3420 1789 3471 note
1817 3434 1889 3471 on
1917 3416 1975 3482 ii,
2006 3417 2092 3484 11,
2120 3415 2152 3489 ξ
2178 3418 2211 3470 5
2237 3417 2611 3489 (viderentur).

1018 3488 1127 3561 §9.
1163 3508 1352 3546 servos.
1423 3489 1545 3544 The
1582 3488 1762 3545 slaves
1795 3506 1940 3545 were
1977 3486 2096 3543 also
2135 3488 2322 3546 called
2354 3491 2581 3547 adom.
2657 3488 2763 3548 See
2790 3490 2849 3558 ii,
2875 3491 2954 3553 24.

948 3560 978 3635 ξ
1004 3564 1054 3627 2,
1083 3561 1152 3625 vi,
1182 3561 1264 3626 36,
1294 3560 1323 3635 ξ
1351 3561 1400 3623 3,
1429 3561 1541 3616 and
1566 3579 1624 3632 p.
1652 3559 1761 3615 lxv,

1020 3631 1086 3706 §§
1127 3634 1314 3689 10-11.
1355 3635 1436 3686 Hi
1472 3635 1586 3686 iam
1622 3640 1748 3687 ante
1786 3670 1800 3685 .
1826 3670 1841 3685 .
1871 3668 1886 3684 .
1922 3632 2192 3687 deducere.
2267 3631 2317 3686 A
2354 3631 2572 3688 careful
2611 3634 2815 3691 render
2847 3633 2958 3688 will

947 3705 1218 3761 conclude
1255 3704 1387 3759 that
1427 3702 1490 3757 in
1525 3703 1627 3760 the
1664 3720 1827 3772 army
1863 3702 1929 3758 of
1959 3700 2399 3775 Vercingetorix
2436 3703 2600 3761 there
2637 3723 2788 3763 were
2826 3704 2959 3760 indi·

947 3776 1163 3832 viduale
1188 3775 1312 3832 who
1340 3773 1685 3831 understood
1709 3773 1898 3829 Latin.

1021 3846 1050 3920 ξ
1081 3847 1162 3903 12.
1222 3849 1628 3914 Vminqetorix
1660 3845 1708 3900 is
1746 3845 1974 3901 deleted
2006 3845 2083 3915 by
2112 3844 2328 3903 Meusel
2356 3846 2438 3918 (J.
2456 3849 2544 3913 13„
2576 3847 2740 3917 1910,
2767 3866 2824 3920 p.
2853 3849 2956 3919 63).

950 3920 1075 3975 who
1103 3918 1358 3976 remarks
1383 3918 1511 3972 that
1534 3916 1612 3973 its
1637 3915 1888 3987 position
1914 3915 1977 3972 in
1996 3916 2098 3973 the
2116 3919 2381 3974 sentence
2403 3919 2452 3975 is
2477 3936 2635 3976 more
2656 3920 2956 3976 unnatural

950 3991 1093 4048 than
1128 3991 1259 4046 that
1296 3988 1362 4045 of
1393 3992 1632 4044 Sabinus
1665 3987 1728 4042 in
1766 4007 1815 4053 v,
1843 3987 1928 4053 30,
1958 3986 1987 4060 ξ
2029 3989 2055 4043 1
2102 3989 2336 4057 (vincite,
2358 3992 2559 4061 inquit,
2583 3994 2637 4047 si
2671 3994 2754 4047 ita
2789 3995 2958 4058 vultis,

951 4064 1228 4129 Sabinus),
1252 4059 1368 4115 and
1401 4060 1532 4115 that
1555 4060 1813 4115 whereas
1847 4059 1945 4115 the
1971 4058 2225 4116 mention
2252 4059 2315 4117 of
2341 4061 2444 4117 the
2470 4062 2703 4133 subject
2725 4063 2776 4119 is
2802 4064 2956 4119 there

953 4132 1216 4203 required
1261 4131 1323 4186 in
1368 4132 1534 4188 order
1574 4135 1635 4187 to
1679 4130 1842 4185 avoid
1888 4130 2476 4204 misunderstanding,
2517 4134 2568 4189 it
2609 4134 2658 4189 is
2699 4135 2835 4192 here
2871 4152 2959 4190 un·

952 4203 1936 4343 Pitissfffifflssffiffitssffififfd
1946 4219 2035 4327 ¹3¹1?
2047 4207 2479 4346 ἕι-Ῑὲῖῖἒῖῑὲἓῗὲ
2504 4205 2828 4278 ⁸⁸⁸P³⁰³⁰¹¹³
2863 4207 2959 4261 '³¹¹‘

1024 4346 1120 4410 21,
1147 4343 1177 4418 ξ
1204 4345 1254 4400 3.
1303 4363 1470 4415 penes
1510 4363 1597 4400 eos
1638 4344 1686 4399 is
1727 4343 1827 4400 the
1867 4343 2105 4416 reading
2142 4345 2210 4400 of
2240 4347 2331 4401 X:
2359 4365 2541 4418 paene
2575 4351 2643 4404 in
2679 4368 2758 4419 eo,
2786 4347 2956 4406 which
