3177 5166
797 322 1531 391 COMMENTARIUS
1575 324 1749 390 VIII
2152 326 2277 389 381

271 493 536 554 vastare
604 487 879 566 civibus,
937 486 1274 569 aedificiiS,
1333 508 1582 575 pecore,
1640 491 1721 553 ut
1789 486 1942 553 odio
2010 508 2281 554 suorum

270 592 638 670 Ambiorix,
707 592 763 657 si
846 613 1010 679 quos
1079 591 1354 658 fortuna
1429 592 1718 678 reliquos
1789 590 2070 673 fecisset,
2135 591 2283 658 nul·

269 697 412 762 lum
465 696 752 763 reditum
806 699 1080 784 propter
1129 701 1355 762 tantas
1412 695 1824 762 calamitates
1884 697 2160 763 haberet
2210 698 2282 763 in

271 803 631 869 civitatem.

205 930 241 981 5
361 905 533 973 Cum
555 906 627 970 in
650 927 877 971 omnes
905 909 1130 991 partes
1159 905 1393 970 finium
1417 904 1825 993 Ambiorigis
1852 910 1973 972 aut
1994 905 2285 994 legiones
2312 912 2406 970 2⁵

269 1016 393 1076 aut
421 1009 675 1075 auxilia
704 1008 1061 1076 dimisisset
1096 1014 1297 1095 atque
1328 1009 1551 1076 omnia
1585 1008 1918 1090 caedibus,
1945 1009 2283 1091 incendiiS,

270 1114 525 1201 rapinis
565 1117 916 1209 vastasset,
947 1136 1189 1201 magno
1228 1134 1504 1180 numero
1544 1113 1888 1179 hominum
1929 1114 2286 1183 interfecto

270 1225 393 1285 aut
436 1223 647 1306 capto,
684 1218 1051 1283 Labienum
1097 1240 1247 1284 cum
1292 1218 1551 1284 duabus
1595 1218 1967 1306 legionibus
2009 1219 2081 1285 in
2127 1221 2284 1287 Tre-
2367 1289 2373 1294 ,

271 1346 465 1390 veros
545 1322 790 1403 mittit3
874 1344 1155 1409 quorum
1228 1323 1466 1389 civitas
1546 1328 1820 1411 propter
1891 1322 2285 1389 Germaniae
2310 1340 2341 1386 2

166 1445 241 1493 10
271 1429 688 1495 vicinitatem
711 1427 1064 1495 cotidianis
1094 1428 1457 1494 exercitata
1486 1428 1680 1494 bellis
1708 1427 1893 1494 cultu
1924 1442 1989 1495 et
2018 1426 2286 1496 feritate

271 1556 407 1600 non
459 1533 746 1598 multum
797 1554 839 1597 a
885 1532 1231 1599 Germanis
1290 1532 1639 1599 differebat
1689 1555 1903 1620 neque
1960 1533 2287 1622 imperata

276 1660 592 1725 umquam
641 1637 771 1703 nisi
816 1637 1112 1703 exercitu
1158 1642 1386 1704 coacta
1429 1636 1735 1704 faciebat.

363 1743 643 1809 Interim
691 1741 766 1809 C.
807 1741 1131 1809 Caninius
1183 1742 1458 1828 legatus,
1501 1764 1652 1808 cum
1705 1765 2013 1831 magnam
2059 1744 2284 1810 multi·
2311 1759 2408 1815 26
2428 1763 2692 1814 Caninius

273 1849 576 1915 tudinem
608 1846 1003 1914 convenisse·
1031 1847 1320 1913 hostium
1360 1847 1434 1911 in
1463 1848 1632 1913 fines
1663 1848 2010 1915 Pictonum
2041 1847 2286 1915 litteris
2425 1829 2628 1946 ffissm

172 1968 244 2017 15
275 1954 662 2039 nuntiisque
704 1951 971 2018 Duratii
1013 1956 1449 2039 cognosceret,
1485 1951 1599 2038 qui
1646 1957 1968 2039 perpetuo
2005 1952 2076 2016 in
2121 1953 2285 2017 ami·
2428 1962 2637 2026 oompel

272 2059 435 2125 citia
493 2060 945 2145 permanserat
1004 2057 1469 2136 Romanorum,
1521 2079 1671 2122 cum
1741 2079 1897 2144 pars
1960 2057 2285 2143 quaedam
2428 2030 2738 2080 Dumnacus

2427 2097 2485 2144 to
2508 2096 2646 2144 raiae

273 2163 572 2230 civitatis
620 2162 762 2228 cius
810 2161 1173 2242 defecisset,
1221 2161 1306 2226 ad
1354 2162 1670 2248 oppidum
1723 2161 2086 2228 Lemonum
2134 2185 2285 2230 con-
2429 2161 2525 2211 tho
2547 2162 2688 2226 εῑθεθ

275 2268 515 2334 tendit.
591 2268 740 2349 Quo
768 2289 918 2334 cum
949 2266 1345 2332 adventaret
1373 2270 1575 2353 atque
1607 2290 1691 2332 ex
1721 2268 2006 2355 captivis
2044 2268 2288 2334 certius
2313 2284 2344 2333 2
2429 2228 2657 2345 ffissm

273 2375 698 2461 cognosceret
728 2371 957 2436 multis
986 2371 1330 2436 hominum
1360 2370 1632 2437 milibus
1662 2394 1702 2436 a
1732 2372 2096 2451 Dumnaco,
2123 2373 2289 2439 duce
2429 2361 2538 2476 2¹3⁶
2561 2360 2740 2477 ¹¹5³?st

173 2493 245 2540 20
275 2478 590 2557 Andium,
621 2477 979 2543 Duratium
1021 2474 1318 2542 clausum
1349 2475 1621 2541 Lemoni
1662 2477 2034 2564 oppugnari
2075 2500 2289 2564 neque
2432 2442 2570 2543 π’ἰᾞι
2609 2442 2741 2477 mee

272 2585 572 2649 infirmas
616 2583 907 2671 legiones
951 2580 1254 2648 hostibus
1292 2580 1703 2648 committere
1744 2580 2037 2662 auderet,
2069 2588 2289 2650 castra
2433 2558 2741 2625 heavyloss.

273 2690 498 2778 posuit
547 2689 689 2756 loco
739 2687 1014 2753 munito.
1103 2686 1504 2763 Dumnacus,
1548 2707 1700 2752 cum
1754 2687 2287 2775 adpropinquare
2314 2709 2345 2759 3

274 2794 632 2862 Caninium
678 2795 1040 2881 cognosset,
1071 2789 1278 2879 copiis
1321 2790 1629 2857 omnibus
1674 2791 1759 2856 ad
1797 2791 2087 2879 legiones
2134 2816 2287 2860 con-

275 2900 484 2966 versis
526 2902 745 2965 castra
783 2894 1234 2963 Romanorum
1279 2917 1666 2983 oppugnare
1710 2895 2025 2963 instituit.
2116 2897 2287 2965 Cum
2316 2909 2344 2958 4

173 3023 245 3074 25
274 3003 647 3092 complures
720 3002 862 3068 dies
934 3002 1005 3066 in
1073 3001 1569 3090 oppugnatione
1637 3003 2151 3089 consumpsisset
2221 3008 2290 3070 et

275 3131 521 3197 magno
549 3129 816 3174 suorum
848 3107 1249 3173 detrimento
1278 3106 1530 3171 nullam
1560 3111 1819 3193 partem
1843 3107 2288 3174 munitionum

275 3212 644 3283 convellere
685 3213 1029 3301 potuisset,
1059 3234 1291 3278 rursus
1330 3212 1416 3278 ad
1452 3212 1888 3278 obsidendum
1927 3212 2290 3279 Lemonum

275 3320 473 3386 redit.

365 3424 614 3491 Eodem
660 3428 956 3510 tempore
1000 3421 1073 3490 C.
1121 3421 1368 3487 Fabius
1412 3422 1672 3509 legatus
1715 3422 2086 3510 complures
2129 3423 2290 3490 civi·
2317 3430 2414 3493 2⁷

177 3549 248 3597 30
275 3534 453 3597 tates
516 3529 587 3594 in
647 3527 845 3594 fidem
904 3527 1158 3614 recipit,
1217 3525 1558 3592 obsidibus
1623 3527 1849 3593 firmat
1916 3528 2292 3615 litterisque

277 3633 546 3703 Caninii
620 3634 700 3698 fit
771 3631 1014 3700 certior
1086 3652 1255 3718 quae
1326 3630 1399 3696 in
1480 3630 1863 3698 Pictonibus
1947 3637 2286 3721 gerantur.

277 3737 539 3819 Quibus
559 3736 756 3803 rebus
776 3735 1062 3822 cognitis
1082 3734 1525 3822 proficiscitur
1545 3736 1633 3801 ad
1657 3736 1982 3801 auxilium
2009 3736 2293 3803 Duratio

277 3841 646 3908 ferendum.
752 3840 849 3906 At
921 3838 1325 3915 Dumnacus,
1376 3838 1673 3904 adventu
1743 3838 1932 3905 Fabii
2007 3840 2291 3928 cognito,
2317 3860 2348 3906 2

277 3946 628 4034 desperata
677 3944 911 4024 salute,
954 3943 1010 4009 si
1063 3942 1290 4009 eodem
1341 3947 1637 4030 tempore
1688 3947 1954 4011 coactus
2005 3948 2178 4010 esset
2222 3948 2291 4010 et

276 4118 406 4173 best
438 4114 631 4187 thing,
663 4115 729 4171 in
766 4115 930 4171 order
961 4116 1023 4171 to
1057 4114 1267 4187 uphold
1303 4114 1393 4170 his
1427 4132 1552 4171 own
1587 4115 1860 4188 prestigc‚
1899 4114 2083 4171 would
2116 4115 2189 4173 bc
2226 4118 2288 4172 to

278 4205 488 4259 ravage
512 4188 602 4244 his
628 4190 885 4258 country.

274 4269 557 4390 mmm
595 4258 782 4316 would
814 4261 918 4316 not
949 4258 1094 4316 have
1125 4259 1271 4317 been
1307 4260 1444 4316 used
1477 4259 1553 4331 by
1579 4258 1785 4316 Caesar
1816 4258 1876 4315 in
1901 4259 2001 4315 the
2032 4275 2192 4316 sense
2227 4260 2295 4315 of

349 4407 452 4471 26,
477 4403 508 4478 ξ
533 4405 585 4462 2.
635 4406 746 4461 loco
768 4401 1363 4475 munitm-evidently
1386 4402 1459 4475 by
1485 4405 1705 4460 nature.
1779 4403 1863 4461 Cf.
1891 4400 1986 4470 vii,
2015 4402 2102 4472 36,
2128 4401 2158 4477 ξ
2185 4404 2235 4459 5.
