3177 5166
0 937 23 969 Ρ

822 335 1554 406 COMMENTARIUS
1601 338 1750 405 IIII
2166 345 2290 407 165

278 504 561 581 amissis,
605 501 880 589 reliquis
924 506 1003 567 ut
1046 500 1352 589 navigari
1399 502 1642 588 (satis)
1691 504 2028 570 commode
2073 510 2296 592 posset

281 609 519 677 effecit.

372 714 551 779 Dum
611 736 691 779 ea
746 716 1096 801 geruntur,
1155 712 1412 800 legione
1483 735 1566 777 ex
1627 713 2103 779 consuetudine
2159 737 2295 780 una
2321 727 2415 784 32
2435 738 2547 788 'rho
2573 740 2665 787 nh

286 819 769 886 frumentatum
832 817 1050 895 missa,
1105 839 1274 903 quae
1331 815 1799 904 appellabatur
1856 816 2031 897 VII„
2082 841 2295 905 neque
2436 806 2686 921 ὲῖξὲζῖθᾶ

225 939 256 990 5
285 924 425 990 ulla
474 922 562 989 ad
612 922 682 987 id
735 927 998 1009 tempus
1050 921 1205 987 belli
1257 920 1627 1007 suspicione
1687 921 2096 1009 interposita,
2142 946 2293 990 cum
2435 939 2507 1001 by
2529 938 2747 1000 cavalry

286 1050 441 1116 pars
470 1027 813 1092 hominum
838 1026 909 1090 in
939 1025 1117 1114 agris
1147 1029 1533 1106 remaneret,
1554 1047 1712 1113 pars
1741 1026 1944 1092 etiam
1975 1027 2045 1091 in
2077 1033 2296 1094 castra
2433 1004 2692 1121 ζῇῗθξξξ

284 1132 669 1210 ventitaret,
692 1130 740 1194 ii
765 1130 879 1216 qui
911 1152 1031 1218 pro
1053 1130 1264 1217 portis
1292 1133 1660 1196 castrorum
1691 1131 1762 1195 in
1792 1129 2081 1198 statione
2102 1137 2297 1198 erant

287 1236 557 1304 Caesari
581 1236 1068 1301 nuntiaverunt
1098 1234 1437 1322 pulverem
1463 1235 1780 1300 maiorem
1804 1256 2004 1322 quam
2026 1257 2293 1302 consue·
2409 1289 2414 1294 .

286 1341 452 1407 tudo
497 1340 706 1406 ferret
749 1341 819 1404 in
865 1361 944 1405 ea
988 1341 1179 1427 parte
1208 1338 1422 1404 videri
1462 1360 1662 1425 quam
1710 1339 1781 1403 in
1823 1344 2083 1427 partem
2123 1339 2297 1428 legio

192 1468 257 1515 10
286 1447 417 1512 iter
460 1444 739 1511 fecisset.
829 1440 1230 1510 Caesar—id
1284 1442 1461 1528 quod
1514 1442 2121 1531 erat—suspicatus
2177 1445 2297 1511 ali·
2320 1466 2350 1514 2

285 1551 450 1638 quid
502 1550 660 1616 novi
711 1572 753 1615 a
804 1548 1106 1614 barbaris
1155 1542 1399 1613 initum
1446 1548 1724 1628 consilii,
1775 1549 2076 1615 cohortes
2127 1572 2296 1636 quae

287 1658 360 1721 in
405 1655 691 1722 statione
735 1659 925 1720 erant
972 1675 1194 1721 secum
1240 1653 1311 1717 in
1356 1674 1502 1719 eam
1542 1658 1802 1739 partem
1841 1653 2182 1742 proficisci,
2211 1678 2297 1721 ex

286 1760 562 1847 reliquis
603 1759 771 1825 duas
814 1758 890 1823 in
929 1757 1283 1824 stationem
1328 1757 1688 1838 succedere,
1722 1757 2012 1844 reliquas
2051 1760 2296 1824 armari

287 1872 357 1933 ct
386 1864 733 1932 confestim
764 1884 904 1929 sese
939 1861 1249 1948 subsequi
1287 1862 1498 1932 iussit.
1593 1860 1762 1929 Cum
1795 1861 1995 1950 paulo
2034 1864 2298 1952 longius
2321 1884 2351 1933 3

194 1986 259 2036 15
288 1995 332 2037 a
375 1969 610 2038 castris
661 1966 1100 2056 processisset,
1145 1987 1299 2033 suos
1348 1967 1435 2032 ab
1483 1967 1788 2033 hostibus
1833 1968 2046 2055 premi
2095 1971 2295 2055 atque

289 2098 487 2164 aegre
530 2073 859 2141 sustinere
904 2075 973 2138 et
1016 2069 1317 2138 conferta
1359 2069 1618 2157 legione
1668 2094 1753 2138 ex
1789 2071 2097 2140 omnibus
2148 2096 2296 2162 par-

290 2181 473 2247 tibus
525 2178 660 2245 tela
711 2177 872 2243 coici
925 2175 1420 2242 animadvertit.
1514 2174 1691 2241 Nam
1751 2178 1927 2263 quod
1978 2179 2159 2243 omni
2213 2201 2296 2244 ex
2323 2191 2352 2238 4

290 2283 564 2371 reliquis
627 2282 931 2371 partibus
993 2282 1289 2347 demesso
1349 2279 1688 2347 frumento
1747 2304 1902 2369 pars
1960 2304 2096 2348 una
2153 2287 2300 2348 erat

289 2390 564 2477 reliqua,
616 2386 934 2475 suspicati
993 2386 1216 2452 hostes
1274 2386 1405 2452 huc
1461 2391 1724 2452 nostros
1782 2408 1920 2453 esse
1982 2391 2299 2453 venturos

193 2516 261 2563 20
291 2499 492 2561 noctu
542 2494 615 2557 in
664 2491 852 2557 silvis
899 2490 1340 2572 delituerant;
1400 2495 1547 2557 tum
1602 2490 1929 2577 dispersos
1980 2492 2298 2580 depositis
2320 2507 2352 2560 5

290 2601 494 2667 armis
526 2598 596 2663 in
626 2597 935 2663 metendo
963 2599 1314 2683 occupatos
1343 2596 1566 2662 subito
1596 2596 1814 2663 adorti
1837 2597 2066 2685 paucis
2094 2597 2295 2663 inter·-

286 2704 486 2771 fectis
514 2703 802 2789 reliquos
831 2701 1101 2769 incertis
1130 2700 1474 2767 ordinibus
1501 2701 2079 2788 perturbaverant,
2102 2702 2300 2767 simul

283 2810 597 2895 ‚equitatu
627 2810 829 2892 atque
865 2805 1110 2872 essedis
1139 2804 1723 2872 circumdederant.

381 2914 606 2979 Genus
637 2912 759 2978 hoc
789 2916 890 2977 est
919 2933 1004 2976 ex
1034 2910 1279 2977 essedis
1308 2932 1587 2998 pugnae.
1676 2910 1898 2975 Primo
1925 2933 2046 2999 per
2073 2932 2300 2976 omnes
2326 2927 2422 2983 33
2438 2926 2646 2976 Taetics

195 3034 263 3084 25
293 3024 516 3107 partes
556 3016 981 3105 perequitant
1021 3017 1089 3081 et
1124 3014 1260 3080 tela
1294 3015 1585 3080 coiciunt
1623 3020 1826 3101 atque
1862 3016 2005 3101 ipso
2049 3018 2300 3080 terrore
2442 2991 2750 3117 gffhzkffla·

2442 3126 2681 3175 rioteers.

367 3180 396 3254 ξ
423 3182 473 3237 3.
508 3183 662 3244 satis,
688 3179 874 3235 which
907 3178 1188 3250 probably
1214 3178 1314 3234 fell
1348 3183 1448 3235 out
1482 3177 1548 3234 of
1583 3176 1683 3234 the
1709 3181 1847 3244 text,
1874 3194 1989 3233 was
2017 3177 2200 3234 added
2225 3179 2300 3247 by

293 3252 511 3310 Rudolf
533 3251 863 3308 Schneider.
939 3252 1012 3305 As
1035 3250 1136 3306 the
1165 3250 1360 3306 reader
1378 3249 1496 3304 will
1521 3268 1612 3305 see
1637 3250 1689 3305 if
1707 3250 1778 3305 he
1803 3253 1964 3305 turns
1989 3254 2049 3306 to
2076 3250 2162 3317 36,
2248 3254 2297 3317 2,

294 3326 502 3382 Caesar
533 3323 700 3380 could
724 3321 856 3393 only
881 3322 1027 3392 hope
1060 3326 1122 3377 to
1147 3321 1315 3377 make
1343 3323 1445 3378 the
1470 3321 1628 3391 ships
1660 3321 1940 3392 tolerably
1965 3327 2204 3379 seawort
2244 3342 2299 3393 y.

296 3394 712 3468 cf.i,25,§3;
748 3391 990 3466 39,§6;
1026 3392 1109 3460 iii,
1139 3390 1641 3465 13,§6;14‚§4.

367 3471 471 3532 32.
497 3465 526 3540 ξ
556 3468 601 3524 1.
642 3485 709 3521 ex
724 3468 1107 3521 consuetudine
1126 3464 1361 3536 belongs
1387 3482 1542 3521 more
1566 3464 1778 3535 closely
1802 3469 1862 3519 to
1887 3483 2019 3530 una,
2039 3464 2230 3521 which
2255 3465 2302 3521 is

296 3537 674 3611 emphasized,
701 3537 844 3593 than
867 3541 929 3593 to
954 3539 1139 3592 missa.

364 3614 558 3682 portia
631 3609 749 3665 'Phe
791 3611 1020 3691 ‘gates’
1060 3625 1203 3663 were
1240 3608 1419 3679 really
1457 3609 1751 3680 openings,
1779 3607 1966 3664 which
2002 3608 2188 3678 could,
2227 3627 2302 3665 on

296 3681 578 3751 occasion,
602 3682 674 3738 be
710 3680 1057 3737 barricaded.
1130 3679 1218 3735 cf.
1243 3698 1289 3747 v,
1319 3681 1404 3745 50,
1434 3677 1464 3752 ξ
1489 3680 1557 3744 5;
1602 3680 1698 3745 vii,
1724 3681 1811 3746 41,
1841 3677 1871 3752 ξ
1907 3682 1961 3736 4.

370 3753 479 3827 §2.
509 3756 741 3810 statione
764 3752 810 3807 is
846 3750 1023 3808 found
1061 3750 1193 3822 only
1219 3750 1281 3806 in
1316 3753 1370 3818 S,
1397 3752 1498 3807 the
1524 3755 1639 3807 rest
1675 3752 1742 3808 of
1770 3752 1869 3807 the
1908 3750 2064 3810 MSS.
2089 3752 2304 3824 having

294 3827 620 3882 stationibus
646 3847 660 3892 ;
696 3824 818 3892 but,
841 3840 904 3879 as
927 3827 975 3879 ii
993 3864 1007 3878 .
1033 3863 1049 3879 .
1075 3864 1089 3879 .
1110 3826 1172 3877 ὄπ
1195 3827 1425 3878 statione
1449 3831 1606 3878 erant
1628 3823 1742 3878 and
1766 3826 1910 3879 duas
1931 3827 1993 3879 in
2016 3827 2302 3880 stationem

294 3901 572 3953 succedere
596 3897 764 3962 show,
791 3895 838 3952 it
864 3894 911 3950 is
935 3894 1211 3967 probably
1237 3894 1413 3966 right.

371 3966 400 4041 ξ
427 3970 479 4025 5.
528 3976 641 4023 tum
679 3971 946 4038 dispersos
970 4006 984 4021 .
1015 4007 1029 4021 .
1054 4008 1067 4021 .
1094 3969 1571 4023 circumdederant.
1656 3966 1777 4022 The
1802 3967 1987 4023 officer
2006 3967 2131 4023 who
2159 3985 2304 4024 com-

298 4040 541 4096 manded
577 4041 676 4095 the
716 4041 813 4095 7th
852 4039 871 4093 l
948 4038 1043 4094 ion
1080 4037 1191 4093 had
1229 4039 1569 4109 apparently
1607 4038 1900 4110 forgotten
1936 4043 1997 4095 to
2032 4039 2165 4095 send
2204 4044 2304 4097 out

297 4116 521 4177 scouts3
558 4110 672 4166 and
703 4110 751 4166 it
774 4128 896 4166 wou
922 4111 960 4165 d
985 4127 1135 4165 seem
1158 4110 1292 4165 that
1324 4127 1461 4166 even
1485 4110 1585 4166 the
1610 4111 1947 4181 precaution
1972 4111 2038 4165 of
2055 4111 2157 4167 kee
2201 4110 2303 4184 ing

298 4201 452 4240 some
478 4183 543 4238 of
560 4183 660 4239 the
685 4182 914 4238 cohorte
939 4181 1118 4237 under
1141 4198 1293 4237 arms
1316 4199 1430 4237 was
1453 4181 1753 4254 neglected
1777 4182 1870 4252 (A.
1889 4184 1975 4247 B„
2001 4201 2056 4253 p.
2083 4130 2226 4251 32l').

369 4257 471 4319 83,
536 4257 583 4310 1.
601 4272 730 4325 pere
804 4256 962 4309 itant.
1000 4253 1123 4311 One
1139 4251 1202 4309 of
1212 4253 1425 4310 several
1441 4252 1725 4309 instances
1740 4252 1801 4308 in
1818 4251 2022 4309 Caesar
2036 4254 2096 4308 in
2112 4253 2295 4310 which

297 4326 399 4382 the
436 4344 500 4381 su
533 4327 656 4396 ject
681 4343 714 4382 o
772 4342 808 4380 a
836 4325 970 4382 verb
1007 4324 1056 4379 is
1092 4323 1355 4450 supplied
1393 4325 1539 4383 from
1577 4327 1676 4382 the
1701 4329 1951 4381 context.
2026 4325 2107 4380 Cf.
2133 4345 2186 4396 v,
2212 4327 2300 4396 31,

297 4394 1164 4470 §1340,§1;vi,9,§1;vii,
1223 4393 1406 4468 9‚§3.
