3177 5166
845 336 930 397 ss
1186 412 1191 416 ,
1394 330 1515 395 DE
1560 329 1849 395 BELLo
1892 326 2287 395 GALLlco

785 520 816 568 5
844 499 1148 566 occurrit.
1239 497 1582 585 Temporis
1626 501 1820 561 tanta
1863 496 2000 561 fuit
2043 496 2378 583 exiguitas
2429 495 2855 579 hostiumque

845 612 985 669 tam
1015 607 1292 690 paratus
1330 602 1416 667 ad
1455 600 1907 667 dimicandum
1951 601 2215 665 animus
2253 605 2331 665 ut
2364 622 2498 665 non
2529 599 2727 665 modo
2766 598 2853 663 ad

845 708 1138 795 insignia
1157 705 1714 774 accommodanda
1741 705 1856 771 sed
1879 705 2083 770 etiam
2113 704 2200 769 ad
2229 704 2453 790 galeas
2481 703 2854 769 induendas

844 812 1181 898 scutisque
1262 811 1630 898 tegimenta
1709 808 2121 874 detrahenda
2199 813 2462 895 tempus
2540 806 2849 873 defuerit.

787 938 818 984 6
847 916 1064 997 Quam
1129 915 1408 1002 quisque
1478 915 1563 980 ab
1632 935 1828 1000 opere
1901 913 1972 977 in
2031 917 2290 999 partem
2358 933 2516 978 casu
2581 910 2854 976 devenit
2882 928 2913 977 5

845 1042 1145 1106 quaeque
1188 1019 1408 1106 prima
1449 1019 1644 1105 signa
1684 1018 2047 1104 conspexit,
2082 1017 2168 1082 ad
2212 1019 2374 1082 haec
2417 1016 2740 1093 constitit,
2768 1038 2854 1080 ne

844 1126 915 1189 in
946 1124 1342 1211 quaerendis
1370 1123 1509 1189 suis
1536 1122 1884 1210 pugnandi
1913 1127 2177 1208 tempus
2206 1121 2593 1187 dimitteret.

720 1240 815 1295 22
932 1229 1274 1295 Instructo
1317 1228 1615 1294 exercitu
1660 1227 1874 1314 magis
1922 1231 2000 1291 ut
2044 1226 2168 1291 loci
2213 1232 2459 1291 natura
2504 1222 2852 1314 [delectus-

846 1356 975 1420 que
1003 1330 1216 1423 collis]
1249 1337 1319 1399 et
1346 1332 1703 1398 necessitas
1732 1330 2049 1417 temporis
2078 1352 2278 1416 quam
2309 1335 2388 1395 ut
2417 1330 2512 1393 rei
2543 1329 2855 1394 militaris

846 1437 1022 1503 ratio
1073 1442 1276 1524 atque
1326 1436 1489 1502 ordo
1539 1435 1941 1523 postulabat,
1990 1456 2142 1501 cum
2202 1435 2504 1500 diversae
2562 1434 2856 1520 legiones
2883 1452 2948 1498 10

845 1543 1016 1609 aliae
1066 1543 1202 1607 alia
1252 1542 1324 1606 in
1371 1547 1563 1628 parte
1614 1540 1918 1605 hostibus
1977 1540 2359 1606 resisterent
2415 1539 2855 1626 saepibusque

845 1646 1272 1724 densissimis,
1317 1651 1395 1711 ut
1437 1649 1598 1710 ante
1642 1644 2262 1720 demonstravimus,
2293 1643 2660 1709 interiectis
2704 1665 2853 1730 pro-

844 1756 1109 1837 spectus
1166 1750 1620 1838 impediretur,
1667 1771 1881 1835 neque
1933 1757 2113 1814 certa
2172 1747 2471 1814 subsidia
2526 1747 2853 1814 conlocari

847 1876 1057 1941 neque
1119 1854 1279 1941 quid
1339 1854 1410 1918 in
1476 1875 1740 1939 quaque
1809 1858 1999 1939 parte
2057 1875 2222 1938 opus
2281 1857 2454 1917 esset
2515 1851 2854 1937 provideri

846 1982 1059 2045 neque
1103 1960 1190 2024 ab
1234 1980 1367 2024 uno
1419 1958 1644 2022 omnis.
1690 1957 1970 2043 imperia
2019 1956 2470 2022 administrari
2524 1964 2853 2043 poterant.
2883 1973 2947 2021 15

790 2086 822 2135 2
846 2064 1084 2150 Itaque
1143 2063 1213 2127 in
1267 2067 1461 2128 tanta
1519 2085 1740 2128 rerum
1799 2062 2157 2148 iniquitate
2217 2062 2529 2127 fortunae
2593 2084 2854 2148 quoque

845 2173 1126 2233 eventus
1173 2167 1341 2232 varii
1385 2167 1850 2253 sequebantur.

720 2292 816 2349 23
933 2271 1243 2360 Legionis
1287 2271 1518 2336 VIIII.
1561 2278 1630 2336 et
1675 2271 1756 2335 X.
1802 2271 2064 2346 milites
2107 2276 2187 2336 ut
2231 2271 2302 2335 in
2346 2271 2621 2337 sinistra
2663 2277 2855 2358 parte

844 2376 1010 2443 aciei
1070 2376 1528 2454 constiterant,
1580 2375 1736 2462 pilis
1788 2376 2044 2441 emissis
2090 2397 2288 2441 cursu
2339 2398 2416 2441 ac
2461 2376 2854 2442 lassitudine

845 2482 1261 2547 exanimatos
1313 2480 1832 2566 vulneribusque
1884 2479 2218 2545 confectos
2270 2480 2627 2545 Atrebates
2673 2483 2854 2566 (nam
2881 2496 2947 2543 20

844 2587 951 2652 his
995 2610 1074 2653 ea
1116 2608 1272 2673 pars
1315 2587 1702 2670 obvenerat)
1735 2585 2037 2651 celeriter
2080 2608 2166 2650 ex
2211 2586 2352 2652 loco
2399 2587 2739 2673 superiore
2782 2588 2853 2653 in

844 2693 1091 2757 flumen
1161 2691 1630 2777 compulerunt
1698 2696 1768 2756 et
1837 2690 2119 2755 transire
2186 2695 2502 2756 conantes
2567 2692 2854 2758 insecuti

844 2797 1085 2884 gladiis
1142 2817 1455 2882 magnam
1515 2799 1775 2882 partem
1835 2816 2059 2859 eorum
2121 2794 2510 2881 impeditam
2575 2796 2853 2861 interfe-

787 2918 819 2965 2
845 2906 1099 2967 cerunt.
1190 2900 1328 2987 Ipsi
1391 2899 1677 2965 transire
1736 2899 1984 2964 flumen
2043 2921 2178 2965 non
2239 2899 2720 2965 dubitaverunt
2786 2906 2857 2967 et

844 3007 912 3069 in
956 3005 1169 3071 locum
1210 3004 1512 3090 iniquum
1558 3003 1887 3089 progressi
1933 3026 2162 3068 rursus
2205 3004 2588 3070 resistentes
2630 3006 2858 3071 hostes
2883 3018 2950 3067 25

788 3129 819 3176 3
845 3109 1297 3196 redintegrato
1328 3107 1576 3194 proelio
1618 3108 1689 3171 in
1720 3106 1949 3195 fugam
1983 3108 2418 3174 coniecerunt.
2508 3109 2680 3175 Item
2723 3110 2860 3175 alia

916 3315 945 3387 ξ
972 3316 1020 3369 5.
1060 3317 1319 3385 insiym'a.
1395 3313 1497 3369 See
1521 3313 1623 3369 the
1648 3316 1781 3369 note
1805 3331 1879 3369 on
1903 3313 1939 3377 i,
1968 3313 2057 3377 22,
2085 3312 2115 3385 ξ
2140 3315 2173 3368 2
2202 3315 2570 3385 (insiynibus).

914 3391 1163 3458 deficere‘t.
1236 3386 1342 3443 See
1368 3385 1468 3440 the
1494 3392 1628 3441 note
1656 3404 1728 3440 on
1755 3385 1792 3451 i,
1820 3384 1956 3456 26,§
1984 3386 2017 3439 2
2041 3386 2370 3455 (puynatum
2393 3390 2506 3449 sit).

915 3462 1020 3524 22,
1059 3457 1090 3540 ᾗ
1130 3460 1175 3513 1.
1227 3461 1554 3528 delectusque
1587 3456 1909 3512 collis—the
1950 3456 2065 3511 MS.
2114 3457 2537 3529 reading—was
2578 3459 2860 3531 certainly

845 3534 948 3585 not
983 3534 1212 3586 wntten
1252 3530 1326 3600 by
1364 3529 1584 3594 Caesar,
1621 3529 1737 3583 and
1778 3528 1995 3583 Meusel
2032 3532 2108 3595 (J.
2126 3531 2213 3593 Β.,
2246 3529 2401 3597 1910,
2427 3548 2483 3599 p.
2510 3532 2604 3597 39)
2641 3531 2744 3585 has
2783 3550 2861 3587 no

843 3602 1025 3656 doubt
1059 3601 1193 3657 that
1228 3601 1330 3657 the
1365 3601 1547 3655 words
1592 3601 1886 3670 represent
1924 3617 1960 3653 a
1997 3600 2282 3671 marginal
2325 3606 2475 3664 note,
2515 3602 2741 3657 written
2783 3602 2862 3673 by

844 3692 879 3728 a
904 3674 1106 3729 reader
1132 3675 1257 3729 who
1291 3670 1405 3726 had
1434 3671 1727 3726 remarked
1751 3690 1905 3742 quem
1929 3673 2106 3725 locum
2138 3676 2314 3727 nostri
2335 3677 2530 3727 castris
2553 3676 2864 3743 deleyemnt

844 3745 905 3798 in
935 3746 1018 3810 18,
1048 3744 1077 3816 ξ
1110 3745 1156 3800 1.
1228 3744 1497 3813 PerhapS,
1529 3743 1801 3807 however,
1838 3742 2041 3798 Caesar
2071 3748 2243 3799 wrote
2274 3747 2607 3816 deiectusque
2638 3748 2864 3800 collis—

848 3816 978 3873 ‘the
1013 3816 1170 3887 slope
1196 3815 1260 3871 of
1278 3816 1378 3871 the
1405 3813 1542 3869 hill'
1574 3815 1670 3881 (cf.
1698 3817 1748 3878 8,
1780 3814 1806 3884 §
1837 3814 1870 3867 3
1875 3813 2154 3880 )—which
2187 3814 2234 3869 is
2259 3815 2319 3869 in
2346 3816 2447 3870 the
2473 3816 2598 3871 first
2629 3816 2864 3887 printed

846 3887 1064 3943 edition
1089 3888 1154 3942 of
1172 3887 1272 3943 the
1300 3888 1735 3942 Commentam’es.

916 3963 1149 4014 diversae
1171 3977 1371 4015 means
1393 3958 1524 4012 that
1546 3957 1648 4012 the
1673 3955 1894 4026 legions
1917 3974 2064 4012 were
2089 3957 2366 4022 isolated;
2400 3960 2504 4014 but
2526 3958 2790 4014 whether
2813 3959 2865 4014 it

844 4031 963 4086 also
989 4048 1183 4086 means
1202 4031 1334 4086 that
1358 4029 1497 4098 they
1522 4029 1685 4083 faced
1713 4027 1773 4082 in
1794 4026 2060 4083 different
2077 4029 2387 4085 directions
2413 4030 2440 4084 Ι
2463 4047 2558 4085 am
2584 4033 2688 4086 not
2705 4047 2863 4089 sure:

843 4102 932 4170 23,
962 4101 988 4173 ξ
1018 4104 1051 4157 3
1076 4104 1333 4173 suggests
1355 4101 1486 4157 that
1509 4100 1559 4155 it
1581 4101 1715 4155 does
1739 4102 1857 4154 not.

914 4183 1088 4229 certus
1128 4174 1177 4227 is
1217 4174 1351 4229 here
1390 4170 1544 4237 used,
1583 4189 1647 4226 as
1688 4171 1865 4235 osten,
1902 4170 1964 4224 in
1999 4171 2100 4227 the
2142 4188 2300 4228 sense
2340 4174 2407 4227 of
2440 4176 2762 4229 constitutus
2800 4192 2868 4230 or

843 4248 1135 4312 definitus:
1195 4263 1254 4300 so
1304 4252 1446 4299 certa
1494 4245 1738 4297 subsidia
1788 4259 1987 4299 means
2041 4260 2290 4299 reserves
2343 4243 2544 4315 posted
2596 4249 2659 4301 at
2712 4246 2864 4301 fixed

844 4316 1052 4385 points.

912 4390 1014 4451 23.
1040 4386 1069 4458 ξ
1098 4388 1147 4444 1.
1184 4395 1260 4442 ut.
1337 4385 1441 4442 See
1468 4386 1568 4441 the
1597 4388 1731 4441 note
1754 4402 1828 4441 on
1859 4384 1942 4449 19,
1972 4384 2000 4456 §
2028 4386 2078 4440 6.
