<?xml version="1.0" encoding="UTF-8"?>
<!DOCTYPE html PUBLIC "-//W3C//DTD XHTML 1.0 Transitional//EN"
    "http://www.w3.org/TR/xhtml1/DTD/xhtml1-transitional.dtd">
<html xmlns="http://www.w3.org/1999/xhtml" xml:lang="en" lang="en">
 <head>
  <title>
</title>
<meta http-equiv="Content-Type" content="text/html;charset=utf-8" />
  <meta name='ocr-system' content='tesseract 3.04.00' />
  <meta name='ocr-capabilities' content='ocr_page ocr_carea ocr_par ocr_line ocrx_word'/>
</head>
<body>
  <div class='ocr_page' id='page_1' title='image "./ciulicaesarisco00caesgoog/ciulicaesarisco00caesgoog_0457.png"; bbox 0 0 3177 5166; ppageno 0'>
   <div class='ocr_carea' id='block_1_1' title="bbox 769 336 2257 406">
    <p class='ocr_par' dir='ltr' id='par_1_1' title="bbox 769 336 2257 406">
     <span class='ocr_line' id='line_1_1' title="bbox 769 336 2257 406; baseline 0 -2"><span class='ocrx_word' id='word_1_1' title='bbox 769 336 1504 404; x_wconf 84' lang='lat' dir='ltr'><strong>COMMENTARIUS</strong></span> <span class='ocrx_word' id='word_1_2' title='bbox 1549 338 1723 403; x_wconf 92' lang='lat' dir='ltr'><strong>VIII</strong></span> <span class='ocrx_word' id='word_1_3' title='bbox 2129 342 2257 406; x_wconf 86' lang='lat'>365</span> 
     </span>
    </p>
   </div>
   <div class='ocr_carea' id='block_1_2' title="bbox 104 498 2327 3944">
    <p class='ocr_par' dir='ltr' id='par_1_2' title="bbox 104 498 2327 3944">
     <span class='ocr_line' id='line_1_2' title="bbox 238 498 2262 588; baseline 0.002 -27"><span class='ocrx_word' id='word_1_4' title='bbox 238 498 644 585; x_wconf 74' lang='lat' dir='ltr'><strong>Biturigum,</strong></span> <span class='ocrx_word' id='word_1_5' title='bbox 674 500 865 586; x_wconf 91' lang='lat' dir='ltr'>eique</span> <span class='ocrx_word' id='word_1_6' title='bbox 895 500 1205 587; x_wconf 85' lang='lat' dir='ltr'>adiungit</span> <span class='ocrx_word' id='word_1_7' title='bbox 1234 500 1560 588; x_wconf 82' lang='lat' dir='ltr'>legionem</span> <span class='ocrx_word' id='word_1_8' title='bbox 1594 501 1733 579; x_wconf 84' lang='lat' dir='ltr'>XL,</span> <span class='ocrx_word' id='word_1_9' title='bbox 1756 524 1926 588; x_wconf 88' lang='lat' dir='ltr'>quae</span> <span class='ocrx_word' id='word_1_10' title='bbox 1956 501 2262 588; x_wconf 80' lang='lat' dir='ltr'>proxima</span> 
     </span>
     <span class='ocr_line' id='line_1_3' title="bbox 240 601 2318 692; baseline 0.003 -26"><span class='ocrx_word' id='word_1_11' title='bbox 240 601 487 671; x_wconf 85' lang='lat' dir='ltr'>fuerat.</span> <span class='ocrx_word' id='word_1_12' title='bbox 603 603 793 670; x_wconf 84' lang='lat' dir='ltr'>Binis</span> <span class='ocrx_word' id='word_1_13' title='bbox 860 605 1246 672; x_wconf 78' lang='lat' dir='ltr'>cohortibus</span> <span class='ocrx_word' id='word_1_14' title='bbox 1314 606 1399 671; x_wconf 88' lang='lat' dir='ltr'>ad</span> <span class='ocrx_word' id='word_1_15' title='bbox 1469 606 1948 692; x_wconf 87' lang='lat' dir='ltr'>impedimenta</span> <span class='ocrx_word' id='word_1_16' title='bbox 2013 607 2262 673; x_wconf 89' lang='lat' dir='ltr'>tuenda</span> <span class='ocrx_word' id='word_1_17' title='bbox 2287 619 2318 665; x_wconf 82' lang='lat'>2</span> 
     </span>
     <span class='ocr_line' id='line_1_4' title="bbox 234 707 2260 799; baseline 0.003 -29"><span class='ocrx_word' id='word_1_18' title='bbox 234 707 508 784; x_wconf 86' lang='lat' dir='ltr'>relictis,</span> <span class='ocrx_word' id='word_1_19' title='bbox 559 708 887 796; x_wconf 91' lang='lat' dir='ltr'>reliquum</span> <span class='ocrx_word' id='word_1_20' title='bbox 947 711 1312 778; x_wconf 84' lang='lat' dir='ltr'>exercitum</span> <span class='ocrx_word' id='word_1_21' title='bbox 1374 711 1446 776; x_wconf 91' lang='lat' dir='ltr'>in</span> <span class='ocrx_word' id='word_1_22' title='bbox 1515 711 1998 797; x_wconf 88' lang='lat' dir='ltr'>copiosissimos</span> <span class='ocrx_word' id='word_1_23' title='bbox 2064 734 2260 799; x_wconf 87' lang='lat' dir='ltr'>agros</span> 
     </span>
     <span class='ocr_line' id='line_1_5' title="bbox 236 812 2259 903; baseline 0.002 -26"><span class='ocrx_word' id='word_1_24' title='bbox 236 812 626 900; x_wconf 80' lang='lat' dir='ltr'>Biturigum</span> <span class='ocrx_word' id='word_1_25' title='bbox 671 815 949 896; x_wconf 90' lang='lat' dir='ltr'>inducit,</span> <span class='ocrx_word' id='word_1_26' title='bbox 990 816 1124 902; x_wconf 91' lang='lat' dir='ltr'>qui,</span> <span class='ocrx_word' id='word_1_27' title='bbox 1163 839 1313 882; x_wconf 89' lang='lat' dir='ltr'>cum</span> <span class='ocrx_word' id='word_1_28' title='bbox 1367 815 1540 883; x_wconf 87' lang='lat' dir='ltr'>latos</span> <span class='ocrx_word' id='word_1_29' title='bbox 1584 817 1751 882; x_wconf 89' lang='lat' dir='ltr'>fines</span> <span class='ocrx_word' id='word_1_30' title='bbox 1803 822 1872 883; x_wconf 91' lang='lat' dir='ltr'>et</span> <span class='ocrx_word' id='word_1_31' title='bbox 1919 817 2259 903; x_wconf 88' lang='lat' dir='ltr'>complura</span> 
     </span>
     <span class='ocr_line' id='line_1_6' title="bbox 161 917 2258 1008; baseline 0.001 -24"><span class='ocrx_word' id='word_1_32' title='bbox 161 936 201 984; x_wconf 81' lang='lat'><strong>5</strong></span> <span class='ocrx_word' id='word_1_33' title='bbox 233 917 487 1004; x_wconf 89' lang='lat' dir='ltr'>oppida</span> <span class='ocrx_word' id='word_1_34' title='bbox 530 918 869 998; x_wconf 88' lang='lat' dir='ltr'>haberent,</span> <span class='ocrx_word' id='word_1_35' title='bbox 916 920 1116 986; x_wconf 89' lang='lat' dir='ltr'>unius</span> <span class='ocrx_word' id='word_1_36' title='bbox 1159 920 1441 1008; x_wconf 85' lang='lat' dir='ltr'>legionis</span> <span class='ocrx_word' id='word_1_37' title='bbox 1487 920 1784 986; x_wconf 88' lang='lat' dir='ltr'>hibernis</span> <span class='ocrx_word' id='word_1_38' title='bbox 1835 944 1968 987; x_wconf 92' lang='lat' dir='ltr'>non</span> <span class='ocrx_word' id='word_1_39' title='bbox 2024 930 2258 1008; x_wconf 90' lang='lat' dir='ltr'>potue-</span> 
     </span>
     <span class='ocr_line' id='line_1_7' title="bbox 232 1024 2256 1113; baseline 0.003 -27"><span class='ocrx_word' id='word_1_40' title='bbox 232 1027 398 1088; x_wconf 88' lang='lat' dir='ltr'>rant</span> <span class='ocrx_word' id='word_1_41' title='bbox 440 1024 765 1090; x_wconf 76' lang='lat' dir='ltr'>contineri</span> <span class='ocrx_word' id='word_1_42' title='bbox 797 1025 960 1112; x_wconf 92' lang='lat' dir='ltr'>quin</span> <span class='ocrx_word' id='word_1_43' title='bbox 1001 1025 1250 1091; x_wconf 91' lang='lat' dir='ltr'>bellum</span> <span class='ocrx_word' id='word_1_44' title='bbox 1291 1031 1609 1113; x_wconf 90' lang='lat' dir='ltr'>pararent</span> <span class='ocrx_word' id='word_1_45' title='bbox 1637 1026 2256 1112; x_wconf 85' lang='lat' dir='ltr'>coniurationesque</span> 
     </span>
     <span class='ocr_line' id='line_1_8' title="bbox 232 1129 559 1194; baseline -0.003 -2"><span class='ocrx_word' id='word_1_46' title='bbox 232 1129 559 1194; x_wconf 86' lang='lat' dir='ltr'>facerent.</span> 
     </span>
     <span class='ocr_line' id='line_1_9' title="bbox 325 1233 2327 1323; baseline 0.002 -24"><span class='ocrx_word' id='word_1_47' title='bbox 325 1233 701 1322; x_wconf 88' lang='lat' dir='ltr'>Repentino</span> <span class='ocrx_word' id='word_1_48' title='bbox 732 1235 1029 1301; x_wconf 86' lang='lat' dir='ltr'>adventu</span> <span class='ocrx_word' id='word_1_49' title='bbox 1061 1234 1367 1302; x_wconf 79' lang='lat' dir='ltr'>Caesaris</span> <span class='ocrx_word' id='word_1_50' title='bbox 1406 1236 1666 1314; x_wconf 90' lang='lat' dir='ltr'>accidit,</span> <span class='ocrx_word' id='word_1_51' title='bbox 1698 1236 1873 1322; x_wconf 92' lang='lat' dir='ltr'>quod</span> <span class='ocrx_word' id='word_1_52' title='bbox 1905 1235 2253 1323; x_wconf 71' lang='lat' dir='ltr'>imparatis</span> <span class='ocrx_word' id='word_1_53' title='bbox 2280 1250 2327 1306; x_wconf 78' lang='grc'><strong>3</strong></span> 
     </span>
     <span class='ocr_line' id='line_1_10' title="bbox 229 1338 2252 1425; baseline 0.002 -23"><span class='ocrx_word' id='word_1_54' title='bbox 229 1338 661 1425; x_wconf 89' lang='lat' dir='ltr'>disiectisque</span> <span class='ocrx_word' id='word_1_55' title='bbox 735 1340 1032 1407; x_wconf 88' lang='lat' dir='ltr'>accidere</span> <span class='ocrx_word' id='word_1_56' title='bbox 1096 1340 1235 1406; x_wconf 83' lang='lat' dir='ltr'>fuit</span> <span class='ocrx_word' id='word_1_57' title='bbox 1300 1362 1579 1419; x_wconf 88' lang='lat' dir='ltr'>necesse,</span> <span class='ocrx_word' id='word_1_58' title='bbox 1640 1345 1720 1407; x_wconf 89' lang='lat' dir='ltr'>ut</span> <span class='ocrx_word' id='word_1_59' title='bbox 1798 1342 1941 1407; x_wconf 91' lang='lat' dir='ltr'>sine</span> <span class='ocrx_word' id='word_1_60' title='bbox 2012 1341 2252 1407; x_wconf 91' lang='lat' dir='ltr'>timore</span> 
     </span>
     <span class='ocr_line' id='line_1_11' title="bbox 114 1443 2251 1533; baseline 0.002 -26"><span class='ocrx_word' id='word_1_61' title='bbox 114 1460 195 1507; x_wconf 88' lang='lat'>10</span> <span class='ocrx_word' id='word_1_62' title='bbox 228 1443 374 1508; x_wconf 90' lang='lat' dir='ltr'>ullo</span> <span class='ocrx_word' id='word_1_63' title='bbox 425 1466 585 1509; x_wconf 86' lang='lat' dir='ltr'>rura</span> <span class='ocrx_word' id='word_1_64' title='bbox 632 1443 923 1511; x_wconf 90' lang='lat' dir='ltr'>colentes</span> <span class='ocrx_word' id='word_1_65' title='bbox 974 1445 1162 1533; x_wconf 91' lang='lat' dir='ltr'>prius</span> <span class='ocrx_word' id='word_1_66' title='bbox 1218 1446 1305 1511; x_wconf 90' lang='lat' dir='ltr'>ab</span> <span class='ocrx_word' id='word_1_67' title='bbox 1356 1446 1666 1531; x_wconf 90' lang='lat' dir='ltr'>equitatu</span> <span class='ocrx_word' id='word_1_68' title='bbox 1716 1446 2251 1533; x_wconf 89' lang='lat' dir='ltr'>opprimerentur</span> 
     </span>
     <span class='ocr_line' id='line_1_12' title="bbox 228 1550 2306 1638; baseline 0.001 -25"><span class='ocrx_word' id='word_1_69' title='bbox 228 1570 434 1634; x_wconf 90' lang='lat' dir='ltr'>quam</span> <span class='ocrx_word' id='word_1_70' title='bbox 487 1550 846 1637; x_wconf 82' lang='lat' dir='ltr'>confugere</span> <span class='ocrx_word' id='word_1_71' title='bbox 897 1551 971 1615; x_wconf 92' lang='lat' dir='ltr'>in</span> <span class='ocrx_word' id='word_1_72' title='bbox 1022 1550 1269 1638; x_wconf 88' lang='lat' dir='ltr'>oppida</span> <span class='ocrx_word' id='word_1_73' title='bbox 1314 1555 1602 1638; x_wconf 87' lang='lat' dir='ltr'>possent.</span> <span class='ocrx_word' id='word_1_74' title='bbox 1692 1550 2000 1637; x_wconf 84' lang='lat' dir='ltr'>Namque</span> <span class='ocrx_word' id='word_1_75' title='bbox 2044 1551 2248 1616; x_wconf 90' lang='lat' dir='ltr'>etiam</span> <span class='ocrx_word' id='word_1_76' title='bbox 2275 1562 2306 1609; x_wconf 85' lang='lat'><strong>2</strong></span> 
     </span>
     <span class='ocr_line' id='line_1_13' title="bbox 228 1652 2248 1743; baseline 0.002 -27"><span class='ocrx_word' id='word_1_77' title='bbox 228 1652 401 1718; x_wconf 91' lang='lat' dir='ltr'>illud</span> <span class='ocrx_word' id='word_1_78' title='bbox 459 1653 738 1741; x_wconf 82' lang='lat' dir='ltr'>vulgare</span> <span class='ocrx_word' id='word_1_79' title='bbox 791 1654 1190 1722; x_wconf 85' lang='lat' dir='ltr'>incursionis</span> <span class='ocrx_word' id='word_1_80' title='bbox 1244 1655 1535 1723; x_wconf 86' lang='lat' dir='ltr'>hostium</span> <span class='ocrx_word' id='word_1_81' title='bbox 1587 1655 1874 1743; x_wconf 87' lang='lat' dir='ltr'>signum,</span> <span class='ocrx_word' id='word_1_82' title='bbox 1919 1655 2096 1741; x_wconf 90' lang='lat' dir='ltr'>quod</span> <span class='ocrx_word' id='word_1_83' title='bbox 2148 1656 2248 1720; x_wconf 91' lang='lat' dir='ltr'>in-</span> 
     </span>
     <span class='ocr_line' id='line_1_14' title="bbox 223 1758 2248 1848; baseline 0.002 -27"><span class='ocrx_word' id='word_1_84' title='bbox 223 1758 482 1823; x_wconf 90' lang='lat' dir='ltr'>cendiis</span> <span class='ocrx_word' id='word_1_85' title='bbox 524 1758 976 1826; x_wconf 88' lang='lat' dir='ltr'>aedificiorum</span> <span class='ocrx_word' id='word_1_86' title='bbox 1016 1760 1314 1848; x_wconf 86' lang='lat' dir='ltr'>intellegi</span> <span class='ocrx_word' id='word_1_87' title='bbox 1359 1761 1723 1837; x_wconf 90' lang='lat' dir='ltr'>consuevit,</span> <span class='ocrx_word' id='word_1_88' title='bbox 1754 1759 2061 1827; x_wconf 84' lang='lat' dir='ltr'>Caesaris</span> <span class='ocrx_word' id='word_1_89' title='bbox 2102 1767 2248 1827; x_wconf 87' lang='lat' dir='ltr'>erat</span> 
     </span>
     <span class='ocr_line' id='line_1_15' title="bbox 223 1862 2244 1952; baseline 0.002 -26"><span class='ocrx_word' id='word_1_90' title='bbox 223 1862 590 1931; x_wconf 86' lang='lat' dir='ltr'>interdicto</span> <span class='ocrx_word' id='word_1_91' title='bbox 620 1864 979 1943; x_wconf 89' lang='lat' dir='ltr'>sublatum,</span> <span class='ocrx_word' id='word_1_92' title='bbox 1009 1886 1093 1930; x_wconf 93' lang='lat' dir='ltr'>ne</span> <span class='ocrx_word' id='word_1_93' title='bbox 1120 1870 1242 1931; x_wconf 88' lang='lat' dir='ltr'>aut</span> <span class='ocrx_word' id='word_1_94' title='bbox 1280 1865 1471 1952; x_wconf 89' lang='lat' dir='ltr'>copia</span> <span class='ocrx_word' id='word_1_95' title='bbox 1508 1864 1739 1952; x_wconf 88' lang='lat' dir='ltr'>pabuli</span> <span class='ocrx_word' id='word_1_96' title='bbox 1773 1864 2244 1952; x_wconf 80' lang='lat' dir='ltr'>frumentique,</span> 
     </span>
     <span class='ocr_line' id='line_1_16' title="bbox 112 1967 2246 2062; baseline 0.004 -32"><span class='ocrx_word' id='word_1_97' title='bbox 112 1981 189 2062; x_wconf 42' lang='lat'>1·5</span> <span class='ocrx_word' id='word_1_98' title='bbox 222 1967 283 2032; x_wconf 89' lang='lat' dir='ltr'>si</span> <span class='ocrx_word' id='word_1_99' title='bbox 356 1967 621 2055; x_wconf 90' lang='lat' dir='ltr'>longius</span> <span class='ocrx_word' id='word_1_100' title='bbox 697 1970 1008 2059; x_wconf 87' lang='lat' dir='ltr'>progredi</span> <span class='ocrx_word' id='word_1_101' title='bbox 1077 1970 1300 2052; x_wconf 85' lang='lat' dir='ltr'>vellet,</span> <span class='ocrx_word' id='word_1_102' title='bbox 1360 1970 1769 2048; x_wconf 87' lang='lat' dir='ltr'>deficeretur,</span> <span class='ocrx_word' id='word_1_103' title='bbox 1836 1975 1957 2036; x_wconf 90' lang='lat' dir='ltr'>aut</span> <span class='ocrx_word' id='word_1_104' title='bbox 2020 1971 2246 2038; x_wconf 87' lang='lat' dir='ltr'>hostes</span> 
     </span>
     <span class='ocr_line' id='line_1_17' title="bbox 220 2073 2302 2163; baseline 0.002 -26"><span class='ocrx_word' id='word_1_105' title='bbox 220 2073 552 2140; x_wconf 89' lang='lat' dir='ltr'>incendiis</span> <span class='ocrx_word' id='word_1_106' title='bbox 580 2080 1011 2141; x_wconf 89' lang='lat' dir='ltr'>terrerentur.</span> <span class='ocrx_word' id='word_1_107' title='bbox 1088 2075 1324 2141; x_wconf 83' lang='lat' dir='ltr'>Multis</span> <span class='ocrx_word' id='word_1_108' title='bbox 1352 2075 1698 2141; x_wconf 88' lang='lat' dir='ltr'>hominum</span> <span class='ocrx_word' id='word_1_109' title='bbox 1730 2075 2001 2141; x_wconf 90' lang='lat' dir='ltr'>milibus</span> <span class='ocrx_word' id='word_1_110' title='bbox 2030 2077 2243 2163; x_wconf 85' lang='lat' dir='ltr'>captis</span> <span class='ocrx_word' id='word_1_111' title='bbox 2272 2095 2302 2142; x_wconf 80' lang='grc'><strong>3</strong></span> 
     </span>
     <span class='ocr_line' id='line_1_18' title="bbox 218 2179 2243 2268; baseline 0.001 -24"><span class='ocrx_word' id='word_1_112' title='bbox 218 2179 566 2266; x_wconf 87' lang='lat' dir='ltr'>perterriti</span> <span class='ocrx_word' id='word_1_113' title='bbox 609 2180 947 2268; x_wconf 88' lang='lat' dir='ltr'>Bituriges</span> <span class='ocrx_word' id='word_1_114' title='bbox 983 2180 1101 2266; x_wconf 92' lang='lat' dir='ltr'>qui</span> <span class='ocrx_word' id='word_1_115' title='bbox 1140 2180 1431 2267; x_wconf 89' lang='lat' dir='ltr'>primum</span> <span class='ocrx_word' id='word_1_116' title='bbox 1471 2181 1840 2246; x_wconf 85' lang='lat' dir='ltr'>adventum</span> <span class='ocrx_word' id='word_1_117' title='bbox 1882 2185 2243 2266; x_wconf 88' lang='lat' dir='ltr'>potuerant</span> 
     </span>
     <span class='ocr_line' id='line_1_19' title="bbox 220 2283 2240 2372; baseline 0.002 -25"><span class='ocrx_word' id='word_1_118' title='bbox 220 2284 512 2372; x_wconf 87' lang='lat' dir='ltr'>effugere</span> <span class='ocrx_word' id='word_1_119' title='bbox 537 2283 986 2351; x_wconf 87' lang='lat' dir='ltr'>Romanorum</span> <span class='ocrx_word' id='word_1_120' title='bbox 1018 2284 1090 2349; x_wconf 91' lang='lat' dir='ltr'>in</span> <span class='ocrx_word' id='word_1_121' title='bbox 1112 2283 1435 2350; x_wconf 87' lang='lat' dir='ltr'>finitimas</span> <span class='ocrx_word' id='word_1_122' title='bbox 1464 2284 1774 2350; x_wconf 87' lang='lat' dir='ltr'>civitates</span> <span class='ocrx_word' id='word_1_123' title='bbox 1803 2289 1925 2350; x_wconf 92' lang='lat' dir='ltr'>aut</span> <span class='ocrx_word' id='word_1_124' title='bbox 1953 2285 2240 2372; x_wconf 83' lang='lat' dir='ltr'>privatis</span> 
     </span>
     <span class='ocr_line' id='line_1_20' title="bbox 220 2388 2236 2478; baseline 0.002 -26"><span class='ocrx_word' id='word_1_125' title='bbox 220 2388 532 2474; x_wconf 88' lang='lat' dir='ltr'>hospitiis</span> <span class='ocrx_word' id='word_1_126' title='bbox 561 2390 790 2456; x_wconf 92' lang='lat' dir='ltr'>confisi</span> <span class='ocrx_word' id='word_1_127' title='bbox 819 2395 941 2456; x_wconf 92' lang='lat' dir='ltr'>aut</span> <span class='ocrx_word' id='word_1_128' title='bbox 975 2389 1291 2456; x_wconf 90' lang='lat' dir='ltr'>societate</span> <span class='ocrx_word' id='word_1_129' title='bbox 1320 2389 1745 2455; x_wconf 87' lang='lat' dir='ltr'>consiliorum</span> <span class='ocrx_word' id='word_1_130' title='bbox 1775 2390 2236 2478; x_wconf 82' lang='lat' dir='ltr'>confugerant.</span> 
     </span>
     <span class='ocr_line' id='line_1_21' title="bbox 107 2491 2290 2582; baseline 0.005 -30"><span class='ocrx_word' id='word_1_131' title='bbox 107 2506 186 2552; x_wconf 83' lang='lat'>20</span> <span class='ocrx_word' id='word_1_132' title='bbox 222 2491 536 2560; x_wconf 86' lang='lat' dir='ltr'>Frustra:</span> <span class='ocrx_word' id='word_1_133' title='bbox 580 2516 738 2559; x_wconf 89' lang='lat' dir='ltr'>nam</span> <span class='ocrx_word' id='word_1_134' title='bbox 767 2492 1015 2561; x_wconf 87' lang='lat' dir='ltr'>Caesar</span> <span class='ocrx_word' id='word_1_135' title='bbox 1043 2493 1306 2582; x_wconf 85' lang='lat' dir='ltr'>magnis</span> <span class='ocrx_word' id='word_1_136' title='bbox 1347 2492 1702 2559; x_wconf 88' lang='lat' dir='ltr'>itineribus</span> <span class='ocrx_word' id='word_1_137' title='bbox 1736 2494 2045 2560; x_wconf 89' lang='lat' dir='ltr'>omnibus</span> <span class='ocrx_word' id='word_1_138' title='bbox 2076 2495 2236 2562; x_wconf 90' lang='lat' dir='ltr'>locis</span> <span class='ocrx_word' id='word_1_139' title='bbox 2262 2517 2290 2564; x_wconf 83' lang='lat'>4</span> 
     </span>
     <span class='ocr_line' id='line_1_22' title="bbox 216 2599 2234 2687; baseline 0.001 -25"><span class='ocrx_word' id='word_1_140' title='bbox 216 2600 506 2665; x_wconf 85' lang='lat' dir='ltr'>occurrit</span> <span class='ocrx_word' id='word_1_141' title='bbox 535 2622 656 2666; x_wconf 90' lang='lat' dir='ltr'>nec</span> <span class='ocrx_word' id='word_1_142' title='bbox 692 2599 811 2667; x_wconf 90' lang='lat' dir='ltr'>dat</span> <span class='ocrx_word' id='word_1_143' title='bbox 839 2600 961 2667; x_wconf 90' lang='lat' dir='ltr'>ulli</span> <span class='ocrx_word' id='word_1_144' title='bbox 1002 2600 1266 2666; x_wconf 86' lang='lat' dir='ltr'>civitati</span> <span class='ocrx_word' id='word_1_145' title='bbox 1305 2600 1598 2685; x_wconf 88' lang='lat' dir='ltr'>spatium</span> <span class='ocrx_word' id='word_1_146' title='bbox 1641 2600 1724 2665; x_wconf 92' lang='lat' dir='ltr'>de</span> <span class='ocrx_word' id='word_1_147' title='bbox 1754 2600 1973 2665; x_wconf 89' lang='lat' dir='ltr'>aliena</span> <span class='ocrx_word' id='word_1_148' title='bbox 2007 2602 2234 2687; x_wconf 81' lang='lat' dir='ltr'>potius</span> 
     </span>
     <span class='ocr_line' id='line_1_23' title="bbox 217 2703 2233 2793; baseline 0.001 -25"><span class='ocrx_word' id='word_1_149' title='bbox 217 2725 420 2789; x_wconf 88' lang='lat' dir='ltr'>quam</span> <span class='ocrx_word' id='word_1_150' title='bbox 473 2704 557 2770; x_wconf 92' lang='lat' dir='ltr'>de</span> <span class='ocrx_word' id='word_1_151' title='bbox 605 2705 966 2772; x_wconf 85' lang='lat' dir='ltr'>domestica</span> <span class='ocrx_word' id='word_1_152' title='bbox 1014 2705 1231 2771; x_wconf 90' lang='lat' dir='ltr'>salute</span> <span class='ocrx_word' id='word_1_153' title='bbox 1275 2703 1651 2793; x_wconf 85' lang='lat' dir='ltr'>cogitandi3</span> <span class='ocrx_word' id='word_1_154' title='bbox 1710 2726 1845 2791; x_wconf 89' lang='lat' dir='ltr'>qua</span> <span class='ocrx_word' id='word_1_155' title='bbox 1894 2704 2233 2771; x_wconf 85' lang='lat' dir='ltr'>celeritate</span> 
     </span>
     <span class='ocr_line' id='line_1_24' title="bbox 216 2809 2231 2876; baseline 0.001 -3"><span class='ocrx_word' id='word_1_156' title='bbox 216 2814 289 2874; x_wconf 89' lang='lat' dir='ltr'>et</span> <span class='ocrx_word' id='word_1_157' title='bbox 332 2810 557 2876; x_wconf 87' lang='lat' dir='ltr'>fideles</span> <span class='ocrx_word' id='word_1_158' title='bbox 608 2811 855 2876; x_wconf 89' lang='lat' dir='ltr'>amicos</span> <span class='ocrx_word' id='word_1_159' title='bbox 904 2810 1238 2876; x_wconf 90' lang='lat' dir='ltr'>retinebat</span> <span class='ocrx_word' id='word_1_160' title='bbox 1288 2818 1357 2875; x_wconf 92' lang='lat' dir='ltr'>et</span> <span class='ocrx_word' id='word_1_161' title='bbox 1406 2809 1796 2874; x_wconf 85' lang='lat' dir='ltr'>dubitantes</span> <span class='ocrx_word' id='word_1_162' title='bbox 1846 2812 2100 2874; x_wconf 89' lang='lat' dir='ltr'>terrore</span> <span class='ocrx_word' id='word_1_163' title='bbox 2143 2809 2231 2875; x_wconf 89' lang='lat' dir='ltr'>ad</span> 
     </span>
     <span class='ocr_line' id='line_1_25' title="bbox 213 2913 2284 3001; baseline 0.002 -22"><span class='ocrx_word' id='word_1_164' title='bbox 213 2913 634 2980; x_wconf 89' lang='lat' dir='ltr'>condiciones</span> <span class='ocrx_word' id='word_1_165' title='bbox 655 2914 836 3001; x_wconf 89' lang='lat' dir='ltr'>pacis</span> <span class='ocrx_word' id='word_1_166' title='bbox 858 2915 1244 2981; x_wconf 87' lang='lat' dir='ltr'>adducebat.</span> <span class='ocrx_word' id='word_1_167' title='bbox 1320 2914 1466 2980; x_wconf 81' lang='lat' dir='ltr'>Tali</span> <span class='ocrx_word' id='word_1_168' title='bbox 1489 2913 1872 2981; x_wconf 88' lang='lat' dir='ltr'>condicione</span> <span class='ocrx_word' id='word_1_169' title='bbox 1890 2915 2230 3000; x_wconf 87' lang='lat' dir='ltr'>proposita</span> <span class='ocrx_word' id='word_1_170' title='bbox 2254 2937 2284 2985; x_wconf 82' lang='lat'><strong>5</strong></span> 
     </span>
     <span class='ocr_line' id='line_1_26' title="bbox 104 3017 2227 3107; baseline 0.001 -25"><span class='ocrx_word' id='word_1_171' title='bbox 104 3028 180 3076; x_wconf 80' lang='lat'>25</span> <span class='ocrx_word' id='word_1_172' title='bbox 216 3017 571 3107; x_wconf 88' lang='lat' dir='ltr'>Bituriges,</span> <span class='ocrx_word' id='word_1_173' title='bbox 613 3040 763 3085; x_wconf 88' lang='lat' dir='ltr'>cum</span> <span class='ocrx_word' id='word_1_174' title='bbox 825 3019 951 3085; x_wconf 90' lang='lat' dir='ltr'>sibi</span> <span class='ocrx_word' id='word_1_175' title='bbox 1004 3019 1311 3086; x_wconf 90' lang='lat' dir='ltr'>viderent</span> <span class='ocrx_word' id='word_1_176' title='bbox 1361 3018 1715 3085; x_wconf 85' lang='lat' dir='ltr'>clementia</span> <span class='ocrx_word' id='word_1_177' title='bbox 1766 3017 2072 3085; x_wconf 86' lang='lat' dir='ltr'>Caesaris</span> <span class='ocrx_word' id='word_1_178' title='bbox 2124 3042 2227 3085; x_wconf 87' lang='lat' dir='ltr'>re·</span> 
     </span>
     <span class='ocr_line' id='line_1_27' title="bbox 211 3121 2228 3210; baseline 0.002 -24"><span class='ocrx_word' id='word_1_179' title='bbox 211 3121 433 3187; x_wconf 92' lang='lat' dir='ltr'>ditum</span> <span class='ocrx_word' id='word_1_180' title='bbox 470 3127 701 3210; x_wconf 89' lang='lat' dir='ltr'>patere</span> <span class='ocrx_word' id='word_1_181' title='bbox 731 3124 802 3188; x_wconf 90' lang='lat' dir='ltr'>in</span> <span class='ocrx_word' id='word_1_182' title='bbox 842 3124 985 3190; x_wconf 91' lang='lat' dir='ltr'>eius</span> <span class='ocrx_word' id='word_1_183' title='bbox 1026 3124 1391 3190; x_wconf 89' lang='lat' dir='ltr'>amicitiam</span> <span class='ocrx_word' id='word_1_184' title='bbox 1426 3123 1878 3209; x_wconf 83' lang='lat' dir='ltr'>finitimasque</span> <span class='ocrx_word' id='word_1_185' title='bbox 1916 3123 2228 3191; x_wconf 85' lang='lat' dir='ltr'>civitates</span> 
     </span>
     <span class='ocr_line' id='line_1_28' title="bbox 212 3226 2225 3317; baseline 0.003 -27"><span class='ocrx_word' id='word_1_186' title='bbox 212 3226 358 3293; x_wconf 89' lang='lat' dir='ltr'>sine</span> <span class='ocrx_word' id='word_1_187' title='bbox 388 3226 526 3292; x_wconf 89' lang='lat' dir='ltr'>ulla</span> <span class='ocrx_word' id='word_1_188' title='bbox 554 3250 767 3314; x_wconf 90' lang='lat' dir='ltr'>poena</span> <span class='ocrx_word' id='word_1_189' title='bbox 797 3228 1055 3294; x_wconf 88' lang='lat' dir='ltr'>dedisse</span> <span class='ocrx_word' id='word_1_190' title='bbox 1077 3228 1338 3294; x_wconf 87' lang='lat' dir='ltr'>obsides</span> <span class='ocrx_word' id='word_1_191' title='bbox 1366 3231 1568 3314; x_wconf 90' lang='lat' dir='ltr'>atque</span> <span class='ocrx_word' id='word_1_192' title='bbox 1601 3229 1670 3293; x_wconf 90' lang='lat' dir='ltr'>in</span> <span class='ocrx_word' id='word_1_193' title='bbox 1694 3228 1895 3295; x_wconf 90' lang='lat' dir='ltr'>fidem</span> <span class='ocrx_word' id='word_1_194' title='bbox 1925 3236 2225 3317; x_wconf 85' lang='lat' dir='ltr'>receptas</span> 
     </span>
     <span class='ocr_line' id='line_1_29' title="bbox 211 3332 928 3408; baseline 0.004 -12"><span class='ocrx_word' id='word_1_195' title='bbox 211 3353 372 3408; x_wconf 88' lang='lat' dir='ltr'>esse,</span> <span class='ocrx_word' id='word_1_196' title='bbox 401 3332 575 3397; x_wconf 90' lang='lat' dir='ltr'>idem</span> <span class='ocrx_word' id='word_1_197' title='bbox 610 3333 928 3399; x_wconf 85' lang='lat' dir='ltr'>fecerunt.</span> 
     </span>
     <span class='ocr_line' id='line_1_30' title="bbox 299 3435 2298 3527; baseline 0.002 -27"><span class='ocrx_word' id='word_1_198' title='bbox 299 3435 545 3501; x_wconf 88' lang='lat' dir='ltr'>Caesar</span> <span class='ocrx_word' id='word_1_199' title='bbox 583 3438 913 3503; x_wconf 88' lang='lat' dir='ltr'>militibus</span> <span class='ocrx_word' id='word_1_200' title='bbox 951 3459 1073 3525; x_wconf 92' lang='lat' dir='ltr'>pro</span> <span class='ocrx_word' id='word_1_201' title='bbox 1112 3442 1306 3503; x_wconf 87' lang='lat' dir='ltr'>tanto</span> <span class='ocrx_word' id='word_1_202' title='bbox 1345 3438 1570 3503; x_wconf 90' lang='lat' dir='ltr'>labore</span> <span class='ocrx_word' id='word_1_203' title='bbox 1611 3459 1688 3503; x_wconf 89' lang='lat' dir='ltr'>ac</span> <span class='ocrx_word' id='word_1_204' title='bbox 1727 3438 2073 3525; x_wconf 86' lang='lat' dir='ltr'>patientia,</span> <span class='ocrx_word' id='word_1_205' title='bbox 2104 3442 2219 3527; x_wconf 90' lang='lat' dir='ltr'>qui</span> <span class='ocrx_word' id='word_1_206' title='bbox 2245 3447 2298 3504; x_wconf 76' lang='lat'><em>4</em></span> 
     </span>
     <span class='ocr_line' id='line_1_31' title="bbox 108 3541 2220 3630; baseline 0.002 -25"><span class='ocrx_word' id='word_1_207' title='bbox 108 3550 181 3596; x_wconf 85' lang='grc'>30</span> <span class='ocrx_word' id='word_1_208' title='bbox 212 3541 623 3608; x_wconf 87' lang='lat' dir='ltr'>brumalibus</span> <span class='ocrx_word' id='word_1_209' title='bbox 680 3543 934 3622; x_wconf 91' lang='lat' dir='ltr'>diebus,</span> <span class='ocrx_word' id='word_1_210' title='bbox 980 3542 1334 3608; x_wconf 90' lang='lat' dir='ltr'>itineribus</span> <span class='ocrx_word' id='word_1_211' title='bbox 1391 3541 1815 3621; x_wconf 90' lang='lat' dir='ltr'>difficillimis,</span> <span class='ocrx_word' id='word_1_212' title='bbox 1858 3543 2220 3630; x_wconf 82' lang='lat' dir='ltr'>frigoribus</span> 
     </span>
     <span class='ocr_line' id='line_1_32' title="bbox 209 3645 2219 3734; baseline 0.003 -25"><span class='ocrx_word' id='word_1_213' title='bbox 209 3645 644 3713; x_wconf 83' lang='lat' dir='ltr'>intolerandis</span> <span class='ocrx_word' id='word_1_214' title='bbox 710 3646 1193 3714; x_wconf 85' lang='lat' dir='ltr'>studiosissime</span> <span class='ocrx_word' id='word_1_215' title='bbox 1260 3656 1765 3734; x_wconf 88' lang='lat' dir='ltr'>permanserant</span> <span class='ocrx_word' id='word_1_216' title='bbox 1837 3647 1907 3712; x_wconf 92' lang='lat' dir='ltr'>in</span> <span class='ocrx_word' id='word_1_217' title='bbox 1978 3648 2219 3726; x_wconf 87' lang='lat' dir='ltr'>labore,</span> 
     </span>
     <span class='ocr_line' id='line_1_33' title="bbox 207 3750 2216 3835; baseline 0.001 -19"><span class='ocrx_word' id='word_1_218' title='bbox 207 3750 494 3816; x_wconf 89' lang='lat' dir='ltr'>ducenos</span> <span class='ocrx_word' id='word_1_219' title='bbox 522 3754 878 3833; x_wconf 88' lang='lat' dir='ltr'>sestertios,</span> <span class='ocrx_word' id='word_1_220' title='bbox 899 3752 1400 3818; x_wconf 89' lang='lat' dir='ltr'>centurionibus</span> <span class='ocrx_word' id='word_1_221' title='bbox 1431 3755 1619 3835; x_wconf 85' lang='lat' dir='ltr'>†tot†</span> <span class='ocrx_word' id='word_1_222' title='bbox 1652 3752 1839 3817; x_wconf 90' lang='lat' dir='ltr'>milia</span> <span class='ocrx_word' id='word_1_223' title='bbox 1867 3774 2216 3818; x_wconf 88' lang='lat' dir='ltr'>nummum</span> 
     </span>
     <span class='ocr_line' id='line_1_34' title="bbox 208 3856 2215 3944; baseline 0.001 -23"><span class='ocrx_word' id='word_1_224' title='bbox 208 3856 489 3942; x_wconf 78' lang='lat' dir='ltr'>praedae</span> <span class='ocrx_word' id='word_1_225' title='bbox 533 3856 798 3923; x_wconf 90' lang='lat' dir='ltr'>nomine</span> <span class='ocrx_word' id='word_1_226' title='bbox 841 3856 1246 3944; x_wconf 80' lang='lat' dir='ltr'>condonat-[a</span> <span class='ocrx_word' id='word_1_227' title='bbox 1292 3857 1669 3943; x_wconf 90' lang='lat' dir='ltr'>pollicetur]</span> <span class='ocrx_word' id='word_1_228' title='bbox 1714 3856 2215 3944; x_wconf 86' lang='lat' dir='ltr'>legionibusque</span> 
     </span>
    </p>
   </div>
   <div class='ocr_carea' id='block_1_3' title="bbox 202 4034 2211 4468">
    <p class='ocr_par' dir='ltr' id='par_1_3' title="bbox 202 4034 2211 4334">
     <span class='ocr_line' id='line_1_35' title="bbox 273 4034 2211 4108; baseline -0.001 -16"><span class='ocrx_word' id='word_1_229' title='bbox 273 4039 527 4106; x_wconf 70' lang='lat' dir='ltr'>leyt&#39;onem</span> <span class='ocrx_word' id='word_1_230' title='bbox 542 4038 648 4091; x_wconf 88' lang='lat' dir='ltr'>XI.</span> <span class='ocrx_word' id='word_1_231' title='bbox 676 4077 689 4091; x_wconf 91' lang='lat'><strong><em>.</em></strong></span> <span class='ocrx_word' id='word_1_232' title='bbox 718 4076 733 4091; x_wconf 91' lang='lat'><strong><em>.</em></strong></span> <span class='ocrx_word' id='word_1_233' title='bbox 759 4078 772 4092; x_wconf 90' lang='lat'><strong>.</strong></span> <span class='ocrx_word' id='word_1_234' title='bbox 784 4041 996 4107; x_wconf 62' lang='lat' dir='ltr'>sumat.</span> <span class='ocrx_word' id='word_1_235' title='bbox 1070 4035 1382 4107; x_wconf 76' lang='lat' dir='ltr'>Evidently</span> <span class='ocrx_word' id='word_1_236' title='bbox 1395 4036 1514 4092; x_wconf 88' lang='lat' dir='ltr'>this</span> <span class='ocrx_word' id='word_1_237' title='bbox 1538 4052 1653 4093; x_wconf 79' lang='lat' dir='ltr'>was</span> <span class='ocrx_word' id='word_1_238' title='bbox 1675 4037 1777 4093; x_wconf 88' lang='lat' dir='ltr'>the</span> <span class='ocrx_word' id='word_1_239' title='bbox 1802 4036 1995 4108; x_wconf 87' lang='lat' dir='ltr'>legion</span> <span class='ocrx_word' id='word_1_240' title='bbox 2020 4034 2211 4090; x_wconf 80' lang='lat' dir='ltr'>which</span> 
     </span>
     <span class='ocr_line' id='line_1_36' title="bbox 202 4106 2207 4181; baseline -0.001 -17"><span class='ocrx_word' id='word_1_241' title='bbox 202 4109 408 4164; x_wconf 84' lang='lat' dir='ltr'>Caesar</span> <span class='ocrx_word' id='word_1_242' title='bbox 442 4107 557 4163; x_wconf 86' lang='lat' dir='ltr'>had</span> <span class='ocrx_word' id='word_1_243' title='bbox 592 4110 888 4178; x_wconf 84' lang='lat' dir='ltr'>quartered</span> <span class='ocrx_word' id='word_1_244' title='bbox 921 4127 1136 4181; x_wconf 84' lang='lat' dir='ltr'>among</span> <span class='ocrx_word' id='word_1_245' title='bbox 1164 4110 1266 4167; x_wconf 85' lang='lat' dir='ltr'>the</span> <span class='ocrx_word' id='word_1_246' title='bbox 1300 4108 1664 4164; x_wconf 83' lang='lat' dir='ltr'>Ambivareti.</span> <span class='ocrx_word' id='word_1_247' title='bbox 1740 4108 1847 4165; x_wconf 87' lang='lat' dir='ltr'>See</span> <span class='ocrx_word' id='word_1_248' title='bbox 1869 4108 1962 4174; x_wconf 83' lang='lat' dir='ltr'>vii,</span> <span class='ocrx_word' id='word_1_249' title='bbox 1991 4109 2073 4173; x_wconf 83' lang='lat'>75,</span> <span class='ocrx_word' id='word_1_250' title='bbox 2101 4106 2131 4181; x_wconf 68' lang='grc' dir='ltr'><strong>ξ</strong></span> <span class='ocrx_word' id='word_1_251' title='bbox 2157 4109 2207 4173; x_wconf 86' lang='grc'>2,</span> 
     </span>
     <span class='ocr_line' id='line_1_37' title="bbox 202 4178 2108 4334; baseline -0.001 -27"><span class='ocrx_word' id='word_1_252' title='bbox 202 4178 764 4333; x_wconf 47' lang='grc' dir='ltr'>ωὲῗξόἒὸῗξεξιάῗιέ</span> <span class='ocrx_word' id='word_1_253' title='bbox 781 4181 1176 4321; x_wconf 44' lang='grc' dir='ltr'>Ξὲιῗιξτῇοναω.</span> <span class='ocrx_word' id='word_1_254' title='bbox 1250 4250 1357 4308; x_wconf 81' lang='lat' dir='ltr'>See</span> <span class='ocrx_word' id='word_1_255' title='bbox 1381 4251 1481 4308; x_wconf 85' lang='lat' dir='ltr'>the</span> <span class='ocrx_word' id='word_1_256' title='bbox 1509 4255 1647 4334; x_wconf 69' lang='lat' dir='ltr'>note</span> <span class='ocrx_word' id='word_1_257' title='bbox 1671 4267 1744 4307; x_wconf 91' lang='lat' dir='ltr'>on</span> <span class='ocrx_word' id='word_1_258' title='bbox 1772 4270 1822 4316; x_wconf 83' lang='lat' dir='ltr'>v,</span> <span class='ocrx_word' id='word_1_259' title='bbox 1847 4250 1937 4334; x_wconf 62' lang='lat'>318,</span> <span class='ocrx_word' id='word_1_260' title='bbox 1966 4249 1996 4324; x_wconf 68' lang='grc' dir='ltr'><strong>ξ</strong></span> <span class='ocrx_word' id='word_1_261' title='bbox 2027 4250 2108 4305; x_wconf 87' lang='grc'>10.</span> 
     </span>
    </p>

    <p class='ocr_par' dir='ltr' id='par_1_4' title="bbox 268 4321 1948 4468">
     <span class='ocr_line' id='line_1_38' title="bbox 268 4321 1948 4468; baseline -0.001 -18"><span class='ocrx_word' id='word_1_262' title='bbox 268 4321 1584 4468; x_wconf 43' lang='grc' dir='ltr'>ξθέῗῂῗαὲὴῗ.Τξὲοἳῗὲἓξὲἱῖιῗῖἔέηἷᾞῖῗ</span> <span class='ocrx_word' id='word_1_263' title='bbox 1600 4322 1948 4462; x_wconf 46' lang='grc' dir='ltr'>ἂὲαῗῗωη·</span> 
     </span>
    </p>
   </div>
  </div>
 </body>
</html>
