3177 5166
871 341 1003 403 204
1438 339 1561 404 DE
1607 339 1894 406 BELLO
1941 339 2333 406 GALLICO
2393 354 2400 359 ’

870 502 925 566 si
974 502 1194 567 Gallia
1233 503 1447 569 omnis
1481 526 1632 570 cum
1670 504 2019 570 Germanis
2054 506 2475 583 consentiret,
2505 527 2704 570 unam
2742 526 2883 569 esse

814 618 841 672 7
869 607 941 672 in
986 608 1328 673 celeritate
1370 610 1657 695 positam
1696 609 1999 675 salutem.
2090 608 2328 677 Cottae
2368 610 2636 696 quidem
2678 613 2882 696 atque

868 734 1096 777 eorum
1118 713 1231 799 qui
1257 713 1688 780 dissentirent
1705 714 2052 780 consilium
2073 737 2269 801 quem
2288 716 2564 781 haberet
2581 716 2879 781 exitum?

866 816 937 880 in
980 839 1112 903 quo
1155 818 1213 883 si
1259 840 1392 884 non
1424 840 1736 905 praesens
1767 819 2155 905 periculum,
2185 825 2257 886 at
2296 825 2474 887 certe
2512 820 2879 908 longinqua

864 921 1206 988 obsidione
1236 922 1449 989 fames
1479 928 1653 989 esset
1683 924 1995 989 timenda.
2905 936 2939 985 6

742 1039 838 1094 30
954 1026 1101 1092 Hac
1141 1028 1211 1092 in
1257 1033 1610 1114 utramque
1649 1033 1906 1115 partem
1953 1030 2408 1117 disputatione
2443 1031 2694 1111 habita,
2723 1052 2873 1096 cum

864 1152 906 1194 a
981 1132 1182 1197 Cotta
1253 1134 1619 1221 primiqu
1691 1135 2038 1201 ordinibus
2117 1136 2362 1202 acriter
2432 1137 2871 1211 resisteretur,

864 1247 878 1274 ‘
902 1237 1151 1302 vincite
1170 1238 1203 1320 ’‚
1232 1237 1474 1324 inquit,
1510 1250 1524 1277 ‘
1545 1240 1603 1305 si
1634 1241 1733 1305 ita
1765 1241 1973 1306 vultis
1993 1240 2026 1318 ’,
2057 1239 2366 1318 Sabinus,
2395 1245 2464 1306 et
2499 1241 2569 1305 id
2597 1241 2875 1306 clariore

805 1364 835 1411 2
866 1364 1041 1420 voce,
1091 1346 1170 1407 ut
1221 1365 1466 1430 magna
1512 1366 1669 1431 pars
1716 1344 2007 1410 militum
2061 1346 2446 1425 exaudiret;
2514 1352 2529 1381 ‘
2551 1367 2764 1431 neque
2815 1344 2874 1408 is

863 1469 1010 1512 sum
1030 1448 1064 1523 ',
1096 1448 1336 1533 inquit,
1364 1458 1381 1485 ‘
1401 1449 1516 1534 qui
1545 1450 1940 1537 gravissime
1973 1474 2058 1517 ex
2090 1451 2280 1516 vobis
2309 1451 2544 1516 mortis
2583 1448 2873 1537 periculo
2900 1460 2970 1508 1⁰

861 1557 1130 1618 terrear.
1222 1554 1318 1618 Hi
1369 1556 1669 1640 sapient:
1728 1557 1786 1621 si
1837 1557 2113 1644 gravius
2162 1556 2324 1643 quid
2376 1555 2704 1632 acciderit,
2752 1554 2873 1618 abs

804 1672 833 1719 3
861 1660 929 1721 te
966 1658 1290 1723 rationem
1324 1665 1701 1747 reposcent;
1744 1661 1878 1746 qui,
1907 1662 1964 1727 si
2005 1683 2126 1748 per
2156 1667 2224 1727 te
2265 1661 2478 1741 liceat,
2509 1659 2873 1746 perendino

859 1761 967 1826 die
1001 1783 1151 1827 cum
1193 1763 1516 1848 proximis
1555 1764 1853 1830 hibernis
1892 1765 2229 1832 coniuncti
2267 1786 2679 1830 communem
2718 1785 2868 1828 cum

860 1866 1131 1953 reliquis
1170 1867 1329 1933 belli
1364 1891 1588 1934 casum
1631 1870 2025 1947 sustineant,
2055 1892 2189 1934 non
2227 1869 2452 1935 reiecti
2482 1873 2553 1934 et
2593 1867 2870 1955 relegati

858 1971 1053 2058 longe
1083 1994 1125 2036 a
1152 1973 1390 2038 ceteris
1418 1979 1539 2039 aut
1568 1973 1749 2041 ferro
1778 1979 1899 2040 aut
1929 1973 2106 2040 fame
2136 1974 2503 2040 intereant!
2896 1982 2963 2031 15

424 2090 660 2169 Sabjnus
733 2094 826 2150 31
946 2076 1392 2164 Consurgitur
1431 2101 1513 2144 ex
1555 2079 1868 2157 consili03
1911 2078 2482 2165 comprehendunt
2511 2081 2867 2162 utrumque

422 2156 719 2286 ξζζζὲξείἲ)
858 2186 926 2246 et
967 2188 1181 2248 xorant
1238 2205 1323 2248 ne
1381 2206 1504 2249 sua
1562 2183 1969 2250 dissensione
2028 2190 2097 2250 et
2159 2184 2528 2271 pertinacia
2586 2205 2723 2248 rem
2794 2183 2865 2246 in

799 2309 829 2356 2
858 2308 1189 2352 summum
1229 2288 1595 2374 periculum
1642 2288 2008 2354 deducant:
2061 2288 2323 2354 facilem
2370 2309 2510 2353 esse
2551 2309 2710 2364 rem,
2747 2307 2865 2352 seu

857 2397 1174 2457 maneant
1242 2414 1358 2457 seu
1425 2393 1944 2479 proficiscantur,
2002 2393 2060 2458 si
2120 2393 2315 2459 modo
2374 2415 2580 2457 unum
2641 2412 2868 2458 omnes

855 2497 1152 2562 sentiant
1209 2519 1285 2562 ac
1343 2498 1661 2585 probent;
1733 2503 1968 2563 contra
2020 2498 2091 2562 in
2148 2497 2553 2564 dissensione
2612 2496 2864 2561 nullam
2892 2509 2957 2557 20

798 2624 828 2670 3
855 2625 923 2666 se
970 2602 1253 2668 salutem
1299 2604 1686 2690 perspicere.
1779 2604 1908 2669 Res
1954 2603 2403 2690 disputatione
2447 2603 2534 2668 ad
2578 2601 2862 2668 mediam

855 2712 1114 2772 noctem
1186 2707 1593 2793 perducitur.
1712 2708 2005 2774 Tandem
2077 2708 2195 2773 dat
2256 2708 2458 2774 Cotta
2524 2710 2864 2794 permotus

797 2826 826 2873 4
854 2833 1125 2877 manus:
1171 2819 1443 2897 superat
1465 2813 1799 2879 sententia
1821 2812 2073 2879 Sabini.
2143 2812 2625 2878 Pronuntiatur
2646 2811 2864 2898 prima

854 2916 998 2981 luce
1041 2917 1270 2982 ituros.
1362 2918 1798 2984 Consumitur
1841 2918 2092 3005 vigiliis
2137 2918 2395 3005 reliqua
2433 2939 2589 3004 pars
2632 2915 2864 2992 noctis,

852 3041 1003 3084 cum
1061 3043 1184 3086 sua
1235 3022 1514 3108 quisque
1574 3023 1764 3089 miles
1821 3023 2369 3111 circumspiceret,
2420 3022 2582 3108 quid
2640 3042 2858 3087 secum
2887 3032 2950 3079 25

853 3129 1120 3208 portare
1172 3131 1409 3211 posset,
1455 3127 1617 3212 quid
1670 3150 1754 3193 ex
1800 3127 2243 3194 instrumento
2286 3127 2713 3193 hibernorum
2759 3146 2859 3190 re·

795 3248 825 3294 5
854 3227 1151 3315 linquere
1202 3235 1567 3318 cogeretur.
1658 3232 1902 3298 Omnia
1956 3233 2438 3319 excogitantur,
2484 3253 2690 3317 quare
2741 3251 2860 3295 nec

851 3406 922 3462 be
948 3405 1209 3477 supplied
1235 3406 1381 3463 from
1400 3407 1502 3464 the
1531 3412 1782 3478 context,
1804 3408 1880 3464 its
1899 3407 2170 3465 omission
2189 3408 2324 3466 here
2344 3408 2527 3465 would
2553 3408 2625 3464 be
2652 3408 2857 3472 harsh3

848 3477 951 3533 but
974 3478 1049 3533 he
1073 3479 1120 3533 is
1144 3478 1407 3535 doubtful
1427 3480 1683 3536 whether
1705 3499 1759 3536 se
1777 3480 2031 3552 dropped
2049 3485 2150 3537 out
2176 3499 2239 3537 or
2262 3499 2459 3537 omnes,
2520 3479 2609 3536 He
2634 3480 2856 3536 decides

850 3549 936 3605 for
954 3550 1052 3604 the
1075 3550 1266 3618 latter,
1289 3551 1526 3607 because
1551 3554 1808 3621 leqionem
1823 3570 1935 3608 was
1955 3552 2110 3608 osten
2133 3551 2498 3609 abbreviated
2516 3550 2591 3621 by
2611 3552 2859 3622 copyists

847 3619 970 3676 into
996 3624 1110 3691 leq„
1127 3621 1242 3677 and
1267 3626 1364 3691 leq.
1388 3641 1568 3679 omnes
1591 3624 1782 3695 might
1805 3624 1982 3694 easily
2008 3624 2149 3680 have
2172 3623 2319 3681 been
2343 3623 2632 3679 mistaken
2657 3623 2732 3693 by
2756 3623 2857 3678 the

849 3693 1045 3748 writer
1066 3693 1131 3749 of
1148 3694 1249 3749 the
1272 3693 1512 3765 archety
1556 3713 1587 3752 e
1613 3695 1702 3751 for
1734 3698 2007 3764 leyionem.

917 3762 947 3835 ξ
974 3765 1024 3818 7.
1062 3767 1290 3821 haberet.
1363 3765 1464 3821 See
1489 3770 1514 3822 t
1556 3784 1588 3822 e
1613 3771 1746 3823 note
1772 3785 1846 3823 on
1871 3768 1960 3834 28,
1989 3766 2018 3841 ξ
2045 3769 2096 3823 6.
2426 3815 2432 3820 .

917 3839 1024 3900 30,
1050 3834 1079 3909 §
1108 3839 1155 3894 1.
1185 3840 1489 3910 primisque
1514 3840 1812 3894 ordinibus.
1873 3839 1994 3896 The
2018 3838 2170 3895 word
2196 3842 2344 3904 ordo,
2361 3836 2550 3894 which
2575 3836 2636 3892 in
2657 3836 2747 3904 28,
2771 3835 2800 3910 ξ
2821 3837 2856 3891 3

847 3924 1040 3963 means
1075 3912 1339 3973 centuria,
1365 3910 1413 3964 is
1438 3911 1577 3967 here
1602 3912 1738 3967 used
1765 3910 1863 3980 (by
1887 3910 1987 3966 the
2016 3912 2197 3983 figure
2221 3909 2408 3966 which
2441 3908 2855 3982 grammarians

846 3978 959 4034 call
984 3981 1339 4063 metonymy)
1368 3981 1429 4036 in
1455 3982 1557 4038 the
1583 4000 1741 4039 sense
1767 3984 1833 4037 of
1850 3982 2313 4050 centurio,-that
2344 3981 2393 4036 is
2415 3984 2477 4037 to
2511 3998 2629 4052 say,
2653 3984 2858 4051 primis

843 4054 1127 4107 ordinibus
1173 4069 1221 4107 ιε
1277 4053 1604 4122 equivalent
1658 4056 1718 4110 to
1769 4058 2080 4123 primorum
2126 4057 2380 4110 culinum
2434 4055 2854 4110 centurionibm.

844 4122 1134 4195 Similarly
1171 4123 1231 4178 in
1265 4123 1503 4195 English
1542 4143 1648 4181 one
1687 4126 1753 4182 of
1782 4127 1883 4182 the
1921 4125 2229 4182 musicians
2265 4125 2324 4179 in
2365 4143 2440 4181 an
2479 4125 2769 4180 orchestra
2806 4124 2855 4178 is

844 4194 1033 4251 called
1059 4195 1191 4250 ‘the
1216 4196 1339 4251 first
1362 4195 1536 4252 violin
1556 4197 1587 4253 '.
1665 4197 1734 4252 In
1756 4196 1852 4264 vii,
1878 4198 1962 4265 62,
1991 4196 2020 4271 ξ
2046 4199 2083 4254 4
2105 4200 2283 4268 primi
2305 4200 2523 4253 ordines
2546 4196 2594 4251 is
2619 4196 2757 4251 used
2788 4195 2851 4250 in

842 4283 877 4320 a.
904 4265 1114 4337 totally
1142 4267 1408 4324 different
1432 4286 1611 4325 sense.

912 4340 1005 4404 31,
1033 4336 1062 4409 ξ
1091 4339 1139 4394 3.
1172 4347 1452 4408 permotus
1474 4339 1524 4395 is
1549 4340 1882 4410 equivalent
1904 4344 1965 4399 to
1989 4344 2228 4410 munitet·
2246 4344 2431 4396 animo
2455 4347 2760 4396 commotus.

912 4407 942 4480 ξ
969 4410 1019 4466 5.
1063 4413 1260 4466 Omnia
1295 4415 1675 4482 excoyae'tantur
1703 4451 1721 4470 .
1759 4454 1773 4470 .
1813 4455 1827 4470 .
1866 4422 2148 4485 augeatur.
2219 4412 2273 4468 It
2308 4412 2414 4467 has
2454 4411 2594 4468 been
2635 4410 2849 4482 argued
