3177 5166
849 324 1577 393 COMMENTARIUS
1622 327 1695 392 II
2188 333 2275 396 97

265 508 478 553 sarem
526 488 607 553 dc
651 510 809 575 pace
856 490 1199 568 miserunt,
1238 490 1354 576 qui
1392 490 1478 556 ad
1518 491 1696 557 hunc
1736 491 2003 558 modum
2051 493 2274 570 locuti,

266 613 399 657 non
452 615 521 658 se
574 594 957 660 existimare
1009 595 1340 661 Romanos
1391 595 1534 660 sine
1577 617 1702 682 ope
1751 595 1984 663 divina
2028 598 2273 664 bellum
2301 618 2330 666 2

265 718 511 783 gerere,
559 697 674 782 qui
743 705 972 764 tantae
1042 698 1422 765 altitudinis
1490 700 2013 768 machinationes
2079 705 2275 769 tanta

265 801 605 867 celeritate
644 824 1032 890 promovere
1069 807 1355 891 possent,
1382 826 1453 871 se
1491 826 1743 891 suaque
1782 805 2007 871 omnia
2045 828 2271 872 eorum
2299 830 2329 877 3

207 923 238 971 5
266 906 584 992 potestati
615 906 1000 994 permittere
1030 907 1365 974 dixerunt.
1431 908 1662 974 Unum
1693 913 1916 996 petere
1937 932 2013 976 ac
2044 910 2272 997 depre-
2301 928 2329 974 4

265 1010 440 1075 cari:
513 1010 570 1076 si
623 1010 800 1077 forte
857 1032 980 1097 pro
1031 1033 1153 1077 sua
1204 1012 1556 1078 clementia
1615 1034 1691 1078 ac
1744 1014 2273 1093 mansuetudine,

265 1136 466 1200 quam
505 1115 633 1202 ipsi
676 1116 762 1181 ab
800 1116 950 1181 aliis
989 1116 1318 1193 audirent,
1348 1116 1697 1182 statuisset
1725 1116 2095 1184 Atuatucos
2134 1140 2273 1184 esse

262 1220 764 1296 conservandos,
809 1243 891 1287 ne
951 1242 1020 1285 se
1078 1220 1283 1286 armis
1340 1220 1755 1308 despoliaret.
1844 1221 1989 1288 Sibi
2046 1244 2273 1289 omnes
2299 1235 2329 1283 5

264 1322 406 1389 fere
443 1325 765 1390 finitimos
807 1346 945 1391 esse
988 1324 1289 1391 inimicos
1331 1346 1407 1390 ac
1452 1347 1611 1391 suae
1654 1324 1896 1391 virtuti
1936 1326 2273 1406 invidere;

172 1443 239 1492 10
265 1449 307 1492 a
365 1429 606 1514 quibus
668 1451 737 1495 se
795 1428 1150 1495 defendere
1202 1428 1471 1494 traditis
1527 1429 1731 1494 armis
1790 1451 1926 1494 non
1983 1436 2271 1517 possent.

268 1531 412 1597 Sibi
442 1537 801 1618 praestare,
821 1533 877 1597 si
908 1532 980 1597 in
1011 1555 1161 1599 eum
1186 1554 1410 1599 casum
1441 1532 1943 1607 deducerentur,
1965 1534 2273 1619 quamvis
2299 1545 2328 1592 6

264 1636 608 1702 fortunam
639 1657 681 1700 a
708 1636 954 1723 populo
985 1636 1283 1703 Romano
1313 1636 1456 1723 pati
1486 1658 1689 1721 quam
1718 1635 1805 1701 ab
1834 1635 1940 1702 his
1977 1658 2098 1723 per
2126 1659 2272 1703 cru-

263 1740 513 1807 ciatum
544 1740 826 1807 interfici
857 1740 1035 1806 inter
1064 1762 1229 1826 quos
1258 1740 1585 1806 dominari
1617 1744 2055 1806 consuessent.

349 1844 458 1909 Ad
502 1844 664 1910 haec
706 1843 951 1911 Caesar
993 1844 1372 1931 respondit:
1430 1867 1500 1910 se
1544 1844 1758 1932 magis
1798 1844 2273 1912 consuetudine
2300 1853 2394 1910 32

171 1965 237 2014 15
264 1970 387 2013 sua
428 1970 631 2033 quam
675 1947 914 2013 merito
959 1970 1187 2014 eorum
1230 1948 1572 2014 civitatem
1614 1954 2179 2029 conservaturum,
2214 1949 2271 2014 si

265 2053 451 2140 prius
501 2074 702 2139 quam
760 2074 1028 2118 murum
1078 2052 1251 2118 aries
1308 2052 1644 2140 attigisset
1702 2074 1772 2118 se
1831 2052 2273 2133 dedidissent3

265 2157 380 2222 sed
442 2156 801 2223 deditionis
859 2157 1114 2225 nullam
1175 2178 1315 2222 esse
1373 2155 1823 2222 condicionem
1884 2155 2012 2222 nisi
2070 2157 2274 2223 armis
2298 2177 2329 2224 2

265 2261 549 2327 traditis.
641 2259 726 2326 Se
787 2260 856 2324 id
916 2260 1092 2346 quod
1152 2261 1223 2325 in
1284 2259 1555 2325 Nerviis
1623 2258 1884 2326 fecisset
1935 2260 2271 2327 facturum

262 2366 695 2452 finitimisque
740 2365 1222 2452 imperaturum
1275 2387 1359 2430 ne
1411 2386 1611 2450 quam
1662 2363 1994 2430 dediticiis
2043 2365 2271 2451 populi

168 2487 237 2535 20
264 2470 546 2535 Romani
594 2468 909 2534 iniuriam
962 2467 1308 2534 inferrent.
1398 2468 1493 2534 Re
1546 2468 1932 2534 renuntiata
1983 2468 2069 2533 ad
2120 2490 2274 2534 suos
2299 2484 2327 2531 3

264 2574 363 2639 illi
393 2597 462 2640 se
504 2597 673 2662 quae
714 2574 1203 2661 imperarentur
1233 2572 1449 2638 facere
1492 2572 1825 2639 dixerunt.
1913 2573 2270 2639 Armorum
2299 2590 2327 2636 4

265 2701 511 2766 magna
568 2677 1003 2744 multitudine
1062 2677 1144 2743 de
1205 2698 1394 2744 muro
1454 2677 1526 2742 in
1585 2675 1853 2755 fossam,
1899 2699 2069 2763 quae
2127 2684 2272 2744 erat

264 2788 423 2848 ante
485 2781 820 2870 oppidum,
873 2781 1064 2859 iacta,
1116 2780 1209 2846 sic
1282 2785 1360 2846 ut
1428 2802 1635 2867 prope
1701 2802 2029 2846 summam
2097 2782 2272 2846 muri

262 2887 654 2975 aggerisque
699 2885 1123 2951 altitudinem
1169 2884 1388 2950 acervi
1429 2905 1764 2949 armorum
1805 2883 2275 2970 adaequarent,

162 3008 231 3057 25
262 2999 331 3056 et
376 2996 602 3056 tamen
646 2988 911 3056 circiter
956 2993 1147 3075 parte
1196 2988 1414 3064 tertia,
1454 2991 1533 3053 ut
1577 2993 1808 3074 postea
1854 2993 2271 3075 perspectum

260 3100 378 3172 est,
408 3095 622 3161 celata
651 3103 853 3179 atque
884 3093 954 3157 in
985 3091 1231 3179 oppido
1261 3096 1540 3171 retenta,
1569 3093 1782 3179 portis
1810 3092 2163 3178 patefactis
2192 3114 2271 3158 eo

260 3199 368 3264 die
399 3221 559 3285 pace
597 3204 756 3263 sunt
785 3198 906 3261 usi.

329 3427 425 3489 31.
442 3423 469 3496 ξ
484 3424 537 3478 4.
561 3427 600 3479 d
668 3424 844 3477 meari
860 3420 909 3477 is
924 3427 1026 3478 not
1041 3421 1284 3478 distinct
1302 3421 1363 3476 in
1386 3439 1546 3479 sense
1569 3423 1716 3478 from
1733 3432 1918 3494 petere,
1938 3423 2042 3480 but
2058 3423 2272 3480 defines

258 3495 343 3552 it:
384 3513 490 3551 one
515 3494 638 3567 mig
681 3497 708 3549 t
731 3493 1010 3550 translate
1038 3513 1210 3549 unum
1235 3533 1249 3547 .
1279 3534 1292 3547 .
1319 3535 1332 3548 .
1356 3497 1635 3564 deprecari
1658 3493 1732 3564 by
1759 3501 1772 3524 ⁴
1791 3495 1911 3551 One
1938 3495 2110 3566 thing
2131 3496 2270 3568 only

256 3568 395 3638 they
419 3566 606 3622 would
631 3566 744 3637 beg
767 3563 889 3619 him
916 3568 1018 3620 not
1043 3569 1102 3620 to
1128 3564 1201 3621 do
1222 3565 1255 3620 ’.

325 3656 446 3693 sua.
519 3635 603 3691 cf.
630 3636 731 3693 the
757 3640 891 3691 note
917 3653 991 3691 on
1019 3636 1102 3702 14,
1131 3634 1159 3709 §
1187 3638 1241 3692 5.

327 3712 431 3773 32.
501 3709 547 3763 1.
576 3711 736 3763 aries.
789 3705 912 3762 The
927 3707 1362 3778 battering·ram
1380 3724 1492 3762 was
1508 3725 1543 3764 a
1558 3707 1697 3778 long
1712 3707 1898 3777 beam,
1913 3707 2107 3765 armed
2127 3707 2268 3764 with

256 3799 293 3837 a
323 3780 361 3835 h
508 3779 574 3875 of
600 3777 728 3834 iron
758 3795 823 3833 or
859 3778 1082 3835 bronze.
1156 3778 1212 3834 It
1241 3796 1355 3835 was
1389 3778 1702 3862 suspended
1732 3778 1880 3835 from
1917 3778 2019 3835 the
2051 3779 2182 3836 roof
2207 3779 2275 3835 of

253 3868 553 3981 2313&ss
574 3851 717 3977 332¹ss
741 3849 1377 4003 232222303032&
1396 3866 1487 3985 ²¹2⁶
1506 3849 2128 4004 33¹3?ssssssssssssss
2139 3850 2270 3978 '332

254 3994 522 4121 οὺςαίιιῗᾱ
555 3994 632 4064 by
658 3992 888 4064 pulhng
922 3992 1019 4049 the
1056 3992 1221 4049 beam
1258 3992 1605 4060 backwards‚
1633 3993 1746 4049 and
1785 3994 1925 4050 then
1966 3993 2178 4065 lettmg
2218 3992 2270 4049 it

254 4084 390 4121 swm
481 4083 595 4120 orw

418 4174 433 4190 .
469 4139 534 4190 in
550 4139 761 4191 Nerviis
786 4153 980 4193 means
1007 4136 1099 4190 ‘in
1122 4134 1223 4192 the
1246 4153 1368 4192 case
1393 4134 1458 4190 of
1476 4135 1576 4191 the
1597 4135 1790 4192 Nervii
1812 4134 1843 4191 '.
1901 4132 1982 4190 Cf.
2000 4133 2040 4199 i,
2056 4135 2145 4203 47,
2167 4133 2198 4208 ξ
2217 4136 2269 4192 4.

378 4209 429 4263 3.
455 4212 640 4277 facere
654 4206 703 4262 is
720 4211 983 4278 stronger
995 4207 1139 4263 than
1148 4210 1403 4275 facturos
1416 4224 1523 4262 esse
1543 4225 1556 4262 ε
1580 4206 1681 4263 the
1699 4205 1973 4277 meaning
1990 4206 2055 4262 of
2066 4209 2155 4261 izei
2172 4248 2186 4264 .
2216 4246 2230 4260 .
2252 4247 2267 4263 .

248 4282 507 4335 dixer-nent
544 4280 593 4333 is
622 4283 635 4307 ‘
654 4278 791 4349 they
824 4278 1112 4349 professed
1151 4278 1484 4334 themselves
1522 4278 1696 4349 ready
1723 4281 1785 4333 to
1825 4277 1969 4347 obey
2001 4277 2089 4333 his
2124 4295 2272 4334 com·

250 4351 449 4406 mands
466 4350 498 4405 '.
564 4350 635 4405 So
655 4365 762 4405 one
781 4367 906 4419 says
922 4353 935 4380 ‘
953 4350 1058 4405 I'm
1076 4349 1307 4421 coming
1323 4352 1355 4415 ⁹,
1374 4349 1649 4421 meaning
1670 4354 1683 4378 ⁴
1702 4348 1794 4403 I’ll
1818 4366 1974 4405 come
1993 4352 2054 4404 at
2072 4367 2215 4406 once
2233 4352 2266 4405 ’.

350 4473 475 4508 mas
1231 4456 1283 4503 Η
