3177 5166
842 355 1570 424 COMMENTARIUS
1618 355 1675 419 V
2146 355 2271 418 173

256 525 327 586 et
350 519 782 607 Cingetorix;
818 542 902 585 ex
924 520 1167 607 quibus
1195 520 1384 597 alter,
1408 520 1607 585 simul
1639 524 1839 606 atque
1863 519 1945 585 de
1970 518 2272 586 Caesaris
2301 538 2331 586 3

258 623 727 711 legionumque
772 625 1069 690 adventu
1114 626 1454 713 cognitum
1501 629 1621 704 est,
1649 625 1736 691 ad
1777 647 1928 690 eum
1969 623 2173 699 venit,
2205 645 2274 688 se

258 749 545 814 suosque
592 751 820 795 omnes
872 729 943 793 in
995 728 1208 795 officio
1260 729 1526 795 futuros
1579 752 1793 816 neque
1843 729 1930 794 ab
1977 727 2275 794 amicitia

259 834 490 921 populi
550 833 831 900 Romani
899 834 1278 901 defecturos
1344 834 1768 901 confirmavit
1836 854 2135 920 quaeque
2204 831 2276 895 in

201 952 232 999 5
258 938 570 1005 Treveris
603 941 996 1026 gererentur
1024 939 1339 1006 ostendit.
1427 939 1521 1005 At
1550 938 2055 1004 Indutiomarus
2094 935 2276 1022 equi·
2305 952 2334 1000 4

261 1048 483 1109 tatum
533 1042 1041 1130 peditatumque
1092 1064 1342 1131 cogere,
1382 1043 1596 1130 iisque
1651 1043 1766 1130 qui
1818 1064 1938 1130 per
1986 1044 2274 1109 aetatem

262 1148 335 1212 in
394 1148 599 1213 armis
658 1170 799 1214 esse
857 1170 992 1214 non
1053 1152 1365 1235 poterant
1417 1148 1489 1213 in
1548 1148 1790 1214 silvam
1840 1146 2275 1213 Arduennam

262 1251 533 1335 abditis,
575 1274 744 1339 quae
792 1253 1051 1341 ingenti
1112 1253 1574 1341 magnitudine
1627 1274 1746 1340 per
1804 1251 2055 1318 medios
2112 1251 2279 1315 fines

262 1360 702 1425 Treverorum
756 1380 798 1424 a
848 1357 1122 1423 flumine
1175 1357 1408 1423 Rheno
1459 1358 1545 1423 ad
1599 1357 1870 1423 initium
1919 1356 2276 1421 Remorum

168 1480 236 1527 10
265 1464 577 1551 pertinet,
621 1462 869 1529 bellum
921 1484 1158 1550 parare
1211 1462 1547 1543 instituit3
1614 1461 1730 1528 sed
1788 1464 2020 1548 postea
2079 1480 2277 1545 quam
2306 1476 2335 1525 5

264 1589 403 1633 non
462 1567 633 1633 nulli
692 1566 1026 1654 principes
1087 1589 1172 1633 ex
1231 1589 1309 1633 ea
1367 1566 1645 1633 civitate
1697 1571 1767 1632 et
1820 1563 2282 1629 familiaritate

266 1671 720 1760 Cingetorigis
759 1671 1034 1738 adducti
1064 1676 1135 1738 et
1169 1671 1468 1738 adventu
1509 1669 1724 1737 nostri
1764 1668 2096 1735 exercitus
2136 1688 2280 1753 per·

267 1776 491 1841 territi
522 1775 609 1841 ad
638 1775 986 1843 Caesarem
1021 1779 1352 1842 venerunt
1380 1780 1449 1841 et
1478 1775 1561 1841 de
1591 1774 1731 1841 suis
1760 1772 2044 1861 privatis
2086 1771 2283 1838 rebus

266 1880 357 1944 ab
414 1901 493 1946 eo
552 1885 777 1967 petere
827 1885 1207 1967 coeperunt,
1250 1880 1563 1966 quoniam
1621 1878 1884 1946 civitati
1945 1875 2283 1942 consulere

173 2002 239 2050 15
268 2006 404 2051 non
482 1989 771 2071 possent,
834 1984 1091 2050 veritus
1164 2007 1248 2050 ne
1324 1983 1411 2049 ab
1479 1984 1788 2051 omnibus
1852 1981 2284 2054 desereretur,

269 2090 526 2178 legatos
584 2088 671 2154 ad
740 2087 1092 2156 Caesarem
1151 2088 1398 2156 mittit:
1477 2111 1619 2154 sese
1683 2086 1928 2153 idcirco
1994 2086 2081 2152 ab
2145 2084 2285 2151 suis
2311 2099 2340 2146 6

270 2193 606 2261 discedere
657 2196 860 2279 atque
904 2192 991 2258 ad
1039 2214 1188 2258 eum
1235 2192 1465 2259 venire
1505 2192 1796 2258 noluisse
1844 2213 1976 2277 quo
2020 2189 2286 2255 facilius

271 2298 615 2364 civitatem
677 2296 747 2362 in
799 2296 1012 2364 officio
1063 2297 1451 2375 contineret,
1492 2319 1577 2364 ne
1638 2297 1854 2363 omnis
1912 2293 2286 2361 nobilitatis

272 2402 564 2468 discessu
586 2402 774 2489 plebs
803 2407 1077 2489 propter
1100 2401 1624 2489 imprudentiam
1644 2400 2019 2481 laberetur;
2058 2399 2286 2485 itaque
2313 2415 2341 2467 7

177 2524 245 2572 2ο
273 2506 618 2573 civitatem
659 2505 731 2571 in
776 2528 899 2572 sua
938 2510 1269 2594 potestate
1314 2528 1474 2585 esse,
1502 2528 1720 2594 seque,
1750 2506 1807 2572 si
1849 2504 2097 2573 Caesar
2137 2526 2287 2593 per-

274 2611 592 2689 mitteret,
622 2610 707 2677 ad
739 2633 891 2677 eum
927 2611 999 2676 in
1028 2615 1248 2677 castra
1279 2617 1641 2678 venturum
1673 2615 1742 2678 et
1770 2632 1927 2678 suas
1963 2610 2287 2677 civitatis-

275 2737 404 2801 que
436 2715 743 2781 fortunas
768 2715 911 2782 eius
940 2716 1098 2781 fidei
1127 2715 1627 2803 permissurum.

364 2817 628 2900 Caesar,
659 2820 784 2885 etsi
817 2819 1247 2907 intellegebat
1279 2842 1411 2906 qua
1450 2821 1534 2887 de
1561 2842 1764 2887 causa
1793 2843 1872 2886 ea
1911 2820 2291 2887 dicerentur
2312 2833 2364 2890 4

276 2943 577 3010 quaeque
641 2944 793 2989 eum
866 2945 971 2989 res
1041 2924 1127 2989 ab
1192 2925 1506 2991 instituto
1564 2924 1841 2991 consilio
1908 2924 2288 2999 deterreret,

180 3046 247 3095 25
275 3033 521 3106 tamen,
556 3050 641 3094 ne
685 3032 1008 3094 aestatem
1052 3028 1124 3093 in
1168 3028 1474 3095 Treveris
1515 3050 1901 3096 consumere
1944 3032 2292 3116 cogeretur

276 3132 586 3198 omnibus
643 3132 841 3198 rebus
899 3131 986 3199 ad
1040 3132 1503 3199 Britannicum
1562 3133 1809 3199 bellum
1870 3132 2288 3220 comparatis,

279 3235 816 3303 Indutiomarum
850 3236 936 3301 ad
976 3258 1047 3302 se
1086 3259 1237 3302 cum
1275 3236 1389 3304 CC
1430 3238 1773 3305 obsidibus
1812 3238 2039 3304 venire
2075 3237 2288 3303 iussit.

280 3340 410 3406 His
447 3339 773 3420 adductis,
804 3340 877 3406 in
917 3340 1000 3406 iis
1028 3340 1168 3407 filio
1212 3342 1735 3428 propinquisque
1776 3341 1919 3408 eius
1963 3341 2290 3419 omnibus,
2315 3354 2346 3403 2

279 3467 447 3532 quos
474 3445 874 3511 nominatim
904 3449 1315 3523 evocaverat,
1343 3446 1721 3512 consolatus
1751 3446 2287 3512 Indutiomarum

186 3569 252 3617 30
281 3551 719 3636 hortatusque
763 3553 866 3615 est
908 3549 1011 3615 uti
1054 3549 1124 3614 in
1168 3549 1381 3617 officio
1426 3556 1761 3631 maneret;
1814 3550 2025 3616 nihilo
2066 3555 2291 3616 tamen
2319 3564 2349 3611 3

280 3653 488 3720 setius
538 3653 952 3741 principibus
1001 3653 1440 3719 Treverorum
1490 3654 1576 3719 ad
1629 3677 1699 3720 se
1747 3655 2126 3722 convocatis
2174 3654 2293 3718 hos

354 3789 477 3864 §4.
518 3796 894 3848 Arduennam.
967 3790 1137 3847 Our‘
1158 3791 1354 3848 Forest
1389 3792 1458 3848 of
1493 3792 1716 3848 Arden'
1755 3792 1818 3847 in
1854 3791 2293 3849 Warwickshire

284 3865 473 3920 shows
497 3865 743 3919 another
765 3864 915 3920 form
940 3863 1006 3919 of
1022 3862 1125 3919 the
1150 3864 1322 3919 word.

354 3934 384 4007 ξ
411 3937 461 3991 5.
492 3938 594 4018 pm·
803 3952 983 3992 seems
1005 3939 1066 3991 to
1091 3951 1263 3991 mean
1289 3934 1543 4007 simply‘
1564 3933 1800 4007 leading
1821 3939 2003 3993 men’.
2079 3935 2164 3992 Cf.
2192 3936 2296 3991 the

283 4011 420 4063 note
444 4025 519 4064 on
543 4005 582 4073 i,
609 4008 661 4075 3,
592 3953 779 4079 mg}
738 4006 1232 4133 5(qsmcipatum).

343 4081 760 4150 familiaritate.
881 4079 954 4134 he
1002 4077 1242 4151 reading
1291 4078 1358 4134 of
1398 4081 1456 4144 β,
1499 4078 1688 4135 which
1737 4096 1869 4149 may
1914 4077 1985 4134 be
2028 4079 2207 4152 right,
2246 4080 2296 4133 is

284 4154 623 4207 audon‘tate.

354 4225 618 4304 quoniam
651 4222 790 4278 here
831 4221 995 4277 takes
1030 4221 1131 4278 the
1173 4219 1297 4278 sub
1304 4220 1533 4278 unctive
1569 4221 1812 4277 because
1852 4220 2059 4277 Caesar
2098 4220 2148 4275 is
2193 4223 2295 4277 not

283 4292 507 4363 stating
548 4294 648 4349 the
690 4309 889 4349 reason
933 4293 1149 4364 merely
1176 4310 1240 4348 as
1323 4292 1371 4348 is
1408 4310 1552 4362 own,
1590 4293 1697 4348 but
1732 4309 1794 4348 as
1829 4296 2060 4364 present
2096 4292 2157 4347 in
2192 4293 2297 4348 the

285 4363 472 4419 minds
497 4365 564 4420 of
581 4365 682 4420 the
707 4381 842 4420 cons
844 4364 1102 4437 pirators.

359 4433 467 4509 §7.
491 4439 649 4505 fidei.
724 4435 829 4492 See
844 4384 1112 4492 thenote
1136 4433 1295 4502 onii,
1320 4434 1371 4503 3,
1399 4432 1507 4508 §a
