3177 5166
745 350 1476 419 COMMENTARIUS
1520 348 1696 419 VIII
2110 349 2235 416 401

223 510 378 577 IIII
429 510 498 575 in
554 511 783 598 Belgio
814 512 1133 595 conlocat,
1164 512 1239 580 C.
1275 514 1555 580 Fabium
1619 536 1768 580 cum
1830 512 2108 580 totidem
2168 513 2239 577 in

224 611 542 678 Haeduos
587 611 872 679 deducit.
966 612 1077 679 Sic
1122 613 1297 679 enim
1353 614 1787 680 existimabat
1834 613 2238 679 tutissimam
2268 629 2297 679 5

221 716 367 782 fore
426 717 731 796 Galliam,
774 718 830 784 si
893 719 1152 806 Belgae,
1199 742 1480 807 quorum
1544 719 1839 785 maxima
1892 719 2127 794 virtus,
2171 723 2240 783 et

224 820 510 901 Haedui,
554 845 834 909 quorum
886 824 1249 890 auctoritas
1303 847 1562 890 summa
1610 827 1797 902 esset,
1839 822 2241 889 exercitibus

159 948 194 997 5
221 927 741 993 continerentur.
834 927 988 1015 Ipse
1020 929 1092 993 in
1124 928 1390 995 Italiam
1423 930 1762 1016 profectus
1792 935 1909 995 est.

313 1033 461 1113 Quo
490 1055 639 1099 cum
679 1033 984 1111 venisset,
1015 1036 1351 1122 cognoscit
1390 1058 1510 1123 per
1540 1034 1613 1102 O.
1655 1034 2041 1101 Marcellum
2083 1056 2237 1099 con·
2269 1051 2362 1108 55
2380 1048 2491 1097 'rho
2514 1048 2624 1098 two

221 1138 432 1204 sulem
487 1138 778 1225 legiones
838 1139 1003 1205 duas
1036 1140 1139 1205 'ab
1191 1163 1260 1206 se
1313 1140 1566 1223 missas,
1613 1163 1782 1227 quae
1831 1162 1913 1205 ex
1966 1143 2240 1205 senatus
2381 1114 2641 1230 ὲῇᾟζζᾱ

221 1243 524 1310 consulto
554 1242 872 1308 deberent
902 1243 989 1308 ad
1025 1244 1411 1311 Parthicum
1443 1244 1691 1310 bellum
1728 1243 1900 1325 duci,
1927 1243 2239 1330 Pompeio
2382 1247 2442 1296 in
2466 1246 2633 1311 Italy.

222 1347 507 1413 traditas
567 1351 768 1433 atque
828 1347 899 1412 in
959 1347 1163 1414 Italia
1237 1353 1532 1415 retentas
1598 1371 1757 1415 esse.
1848 1348 1997 1414 Hoc
2059 1348 2294 1414 fact-,02

119 1473 192 1521 10
221 1473 626 1537 quamquam
679 1451 847 1517 nulli
901 1459 1046 1518 erat
1099 1453 1376 1519 dubium
1423 1453 1744 1540 quidnam
1793 1457 2025 1518 contra
2074 1451 2239 1519 Cae-

218 1579 438 1622 sarem
488 1560 861 1643 pararetur,
899 1562 1125 1623 tamen
1170 1557 1417 1625 Caesar
1464 1558 1688 1625 omnia
1729 1556 2047 1644 patienda
2099 1578 2238 1622 esse

220 1661 482 1738 statuit,
507 1661 723 1747 quoad
756 1662 881 1727 sibi
905 1684 1055 1749 spes
1079 1663 1304 1749 aliqua
1327 1663 1817 1750 relinqueretur
1838 1662 1985 1727 iure
2015 1662 2238 1748 potius

219 1766 641 1853 disceptandi
673 1787 871 1851 quam
904 1766 1360 1853 belligerandi.
1450 1766 1815 1832 Contendit
1850 1818 1865 1833 .
1901 1815 1917 1832 .
1956 1815 1970 1830 .

295 1925 396 1987 55,
423 1920 452 1995 ξ
482 1923 528 1977 1.
575 1924 630 1979 C.
655 1922 1169 1993 Marcellum,-the
1197 1922 1506 1980 Marcellus
1531 1923 1868 1980 mentioned
1892 1921 1956 1978 in
1981 1922 2071 1989 48,
2101 1920 2130 1995 ξ
2154 1923 2238 1977 10.

325 4507 455 4545 ωσι-ε
1171 4494 1218 4543 D
1248 4474 1294 4542 d
